2730 4966
744 330 882 392 ,34-

269 476 406 560 scripsit,
432 475 480 539 cui
497 473 689 559 potissimum
709 479 813 557 partes
831 471 961 569 credidit
978 471 1073 536 totius
1091 471 1211 555 generis
1230 471 1317 555 hujus

270 581 439 647 doctrinam
460 588 573 664 atque,
598 587 634 644 ut
652 579 719 664 ipse
739 579 892 663 loquitur,
916 586 1014 642 artem
1034 578 1107 642 salis
1127 577 1318 662 explicandit

268 688 352 753 Num
372 688 495 761 Crasso,
514 707 586 752 num
601 686 750 764 Antonio,
772 685 948 750 clarissimis
963 684 1154 749 oratoribust
1175 685 1264 768 Ipsos
1278 685 1319 746 in-

269 796 353 859 ducit
371 796 428 858 hoc
447 814 558 857 munus
579 791 751 858 deferentes
774 792 906 870 Caesari,
933 799 1080 876 tanquam
1099 791 1217 877 optimo
1242 791 1319 854 illius

147 906 151 911 ’
272 901 416 966 doctrinae
436 901 594 986 magistro.

311 1008 426 1072 Noster
447 1019 550 1072 autem
571 1005 609 1070 C.
632 1005 732 1070 Julius
754 1005 870 1080 Caesar,
893 1012 928 1069 ut
950 1005 1003 1089 qui
1024 1006 1063 1068 ab
1082 1003 1134 1068 illa
1154 1003 1319 1068 domestice
1350 1085 1354 1100 .

268 1113 413 1180 facultate
431 1135 492 1177 non
516 1113 701 1199 degenerare
719 1112 828 1188 vellet,
858 1111 889 1174 in
911 1131 948 1174 ea
969 1131 1037 1174 sese
1051 1111 1090 1174 ab
1114 1110 1318 1175 adolescentia

268 1243 389 1285 summo
402 1220 504 1301 studio
518 1201 665 1284 exercuit.
684 1220 784 1298 Quem
802 1219 883 1281 enim
901 1226 1053 1305 oratorem
1066 1217 1123 1281 sibi
1139 1216 1316 1282 imitandum

268 1328 448 1412 proposuitl
468 1328 557 1392 Illum
572 1328 672 1410 ipsum
686 1334 829 1411 patruum
845 1346 946 1403 suum,
964 1346 1055 1409 quem
1070 1325 1177 1391 Cicero
1193 1325 1315 1391 facetis-

268 1435 380 1499 simum
400 1435 536 1499 omnium
558 1440 652 1518 atque
675 1433 707 1496 in
728 1433 785 1498 hoc
806 1454 916 1518 genere
941 1433 1039 1498 solum
1062 1433 1166 1498 laurea
1194 1433 1314 1518 dignum

265 1542 427 1627 judicavit.
459 1571 473 1595 u
488 1541 595 1604 Genus
617 1540 809 1624 eloquentiae,
832 1540 931 1624 inquit
953 1539 1139 1623 Suetonius,
1165 1531 1313 1606 duntaxat

273 1680 286 1704 a
313 1649 488 1713 adolescens
506 1648 605 1712 adhuc
621 1647 780 1712 Strabonis
798 1646 928 1712 Caesaris
943 1655 1065 1712 secutus
1081 1647 1212 1724 videtur,
1234 1649 1314 1734 cujus

273 1785 287 1809 κ
313 1755 406 1818 etiam
427 1776 466 1818 ex
487 1754 622 1825 oratione
641 1775 708 1838 quae
731 1753 902 1818 inscribitur
925 1774 981 1837 pro
1004 1754 1111 1818 Sardis
1131 1754 1171 1818 cd
1193 1756 1314 1818 uerbum

272 1892 284 1913 ι·
311 1860 454 1924 nonnulla
476 1859 633 1924 transtulit
654 1859 685 1922 in
708 1859 925 1924 divinationem
951 1880 1036 1923 suam
1054 1858 1106 1946 (1).
1124 1890 1138 1915 a
1166 1860 1276 1944 Neque
1291 1859 1315 1922 ei
1353 1867 1354 1871 ’

267 1966 416 2033 satisfuit
431 1990 470 2032 ex
490 1990 525 2031 eo
547 1966 631 2031 fonte
644 1967 767 2032 haurire
782 1991 789 2031 :
803 1968 857 2031 sed
873 1967 966 2032 ctiam
981 1967 1116 2051 undique
1131 1966 1269 2045 facetias,
1288 1978 1314 2030 et

268 2075 404 2150 ridicula,
426 2083 457 2140 et
469 2073 616 2159 quidquid
627 2075 707 2139 salse
721 2081 774 2139 aut
788 2081 896 2159 argute
909 2082 964 2138 aut
977 2074 1076 2157 lepide
1091 2075 1207 2140 dictum
1222 2084 1311 2146 esset,

267 2190 301 2243 ut
315 2182 385 2244 inde
403 2184 562 2244 conficeret
582 2181 736 2244 volumina
755 2185 966 2264 ἀποφθεγμάτων
984 2180 1036 2268 (2),
1056 2189 1137 2246 teste
1160 2169 1313 2265 Cicerone,

266 2285 438 2370 colligebat.
460 2285 509 2350 Illi
532 2295 634 2352 autem
653 2288 710 2370 ipsi
730 2287 898 2352 clarissimo
922 2296 954 2352 et
974 2289 1163 2354 dicacissimo
1187 2290 1313 2373 oratori,

266 2395 351 2480 cujus
361 2414 401 2456 ex
416 2394 544 2478 epistola
556 2395 618 2459 haec
628 2395 782 2473 novimuS,
795 2394 944 2479 imprimis
956 2396 1099 2461 studebat
1107 2420 1115 2473 ;
1133 2397 1315 2482 assiduaque

267 2503 498 2585 consuetudine,
515 2518 577 2566 tarn
595 2521 664 2565 acre
677 2501 833 2586 judicium,
852 2508 918 2567 tam
932 2510 1037 2567 acutas
1053 2504 1092 2566 ad
1107 2524 1179 2567 eum
1194 2504 1316 2568 odoran-

268 2609 341 2668 dum
356 2628 445 2670 nares
461 2617 528 2670 erat
542 2608 683 2689 adeptus
701 2615 737 2671 ut
752 2608 779 2671 si
794 2609 868 2692 quid
888 2609 1047 2674 afferretur
1065 2610 1147 2694 quod
1164 2610 1230 2696 ejus
1252 2632 1317 2676 esse

267 2697 419 2774 diceretur
431 2731 529 2794 neque
544 2713 608 2797 ejus
625 2719 718 2802 esset,
736 2715 877 2777 continuo
900 2716 1010 2780 soleret
1025 2717 1159 2801 rejicere.
1183 2717 1261 2794 Imo,
1287 2719 1316 2780 in

266 2820 334 2903 ipsa
349 2818 496 2883 bellorum
510 2819 642 2883 civilium
659 2821 800 2902 procella,
820 2822 914 2885 tantis
928 2824 1092 2905 impeditus
1106 2824 1198 2906 curis,
1226 2825 1317 2890 tantis

266 2925 409 3013 periculis
423 2926 577 3001 obsessus,
597 2910 743 2990 Tullianis
762 2935 866 2991 tamen
879 2928 998 2992 facetiis
1013 2911 1127 2994 diutius
1141 2951 1245 2995 carere
1258 2952 1317 2995 non

267 3033 426 3108 sustinuit;
452 3041 495 3116 et,
521 3033 669 3116 quidquid
685 3032 735 3096 ille
750 3034 798 3098 vel
815 3034 847 3097 in
864 3056 1002 3099 sermone
1011 3035 1155 3100 familiari
1174 3037 1313 3116 dixisset,

268 3140 315 3203 cui
331 3147 434 3203 tamen
457 3140 570 3221 aliquid
588 3139 702 3204 inesset
718 3141 790 3205 salis
812 3148 866 3204 aut
880 3143 1062 3220 venustatis,
1085 3145 1173 3208 adse
1192 3144 1318 3228 perferri

266 3246 434 3309 mandavit.
459 3245 571 3308 Nonne
586 3246 683 3329 gloria
703 3255 736 3310 et
756 3248 862 3312 laetitia
877 3248 1080 3336 triumphasse
1094 3258 1317 3325 nostrumora-

267 3357 365 3414 torem
386 3351 501 3433 putatis
514 3398 529 3427 ,.
545 3371 640 3434 quum
664 3351 780 3416 videret
805 3374 889 3417 arma
913 3362 992 3444 togae
1011 3357 1088 3419 adeo
1110 3340 1260 3436 cedentia,
1282 3367 1317 3423 ut

267 3459 349 3523 orbis
367 3459 497 3522 domitor
520 3458 667 3542 quidquid
686 3458 742 3522 sibi
766 3457 926 3524 dicendum
942 3464 1096 3528 videretur
1112 3486 1234 3530 summu
1248 3466 1318 3530 dili-

267 3567 370 3649 gentia
386 3564 596 3647 excipiendum
611 3574 642 3629 et
659 3565 699 3629 ad
714 3587 747 3628 se
764 3564 921 3630 ferendum
937 3571 1086 3633 curaretl'
1101 3572 1191 3636 Adeo
1214 3581 1317 3637 temen

149 3670 152 3675 '
266 3671 322 3734 sibi
338 3692 397 3733 non
408 3671 579 3754 gratulatus
590 3679 637 3737 est
649 3693 794 3758 magnum
810 3673 895 3736 illum
909 3673 956 3737 sui
970 3675 1095 3771 cultum,
1113 3686 1147 3741 ut
1159 3686 1265 3743 contra
1278 3678 1317 3743 de

266 3797 303 3839 eo
319 3785 506 3861 quereretur.
528 3779 667 3845 Tantane
686 3781 767 3845 illius
790 3780 940 3846 modestia
954 3802 1048 3866 supra
1062 3785 1152 3848 fidem
1169 3785 1238 3850 estl
1257 3786 1318 3849 Mi-

258 3884 347 3958 nime
370 3907 377 3947 :
399 3885 437 3948 Id
457 3885 538 3947 enim
555 3905 616 3947 non
632 3886 697 3985 siue
713 3888 845 3971 quadam
867 3889 960 3953 animi
975 3890 1152 3974 aegritudine
1161 3893 1316 3978 'intellige-

264 3992 330 4075 bat,
345 3991 402 4056 sibi
417 3991 560 4077 deinceps
571 3990 791 4077 providendum
808 4016 887 4075 esse,
902 4019 971 4063 cum
982 3999 1077 4099 telum
1093 3999 1238 4085 vibraret,
1254 4021 1316 4085 quo

267 4107 351 4165 esset
370 4121 522 4165 casurum.

299 4337 331 4407 (t)
349 4338 490 4397 success,
501 4337 535 4391 tt.
547 4336 624 4405 nli)
636 4336 685 4393 Cic.
695 4336 771 4408 Epist.
784 4333 816 4392 ad
825 4332 874 4395 diu.
885 4341 907 4410 9,
921 4342 956 4397 16.

1064 4510 1078 4531 .

989 4554 1015 4595 -τ
