2730 4966
566 283 720 346 „2-
826 361 830 367 Ι

123 425 254 512 gratiam
278 435 309 494 et
329 426 476 504 favorem,
496 433 626 492 atcerte
643 429 868 493 excusationem
888 435 919 492 et
941 426 1059 492 veniam
1077 449 1172 512 posse

124 534 274 598 conciliari
290 536 472 619 sperandum
489 535 620 600 videtur.

166 641 271 706 Trium
281 642 373 727 igitur
385 643 533 706 sodalium
541 643 604 708 haec
612 642 704 706 fuisse
714 643 878 726 disputatio
887 645 1026 727 fingitur:
1039 645 1170 727 quorum

122 751 209 824 alius,
222 750 368 814 Camillus
378 751 510 826 nomine,
521 751 654 815 historiae
665 751 797 828 dediurs,
809 759 839 815 et
851 762 1000 816 secretam
1012 751 1169 815 abditam-

122 874 182 941 que
191 857 301 923 Gallias
309 867 420 922 nostrae
429 863 612 923 vetustatem
625 859 752 924 scrutari
763 857 1068 943 aggressuS,Cae5soris
1078 859 1170 922 Com-

122 966 286 1030 mentarios
307 967 429 1050 penitus
449 967 533 1030 novit
556 989 592 1030 ac
613 974 713 1041 tenet;
737 966 825 1040 aliuS,
844 967 891 1030 cui
912 965 1034 1032 Valerio
1054 989 1169 1030 nomen

122 1082 180 1148 est,
193 1075 295 1160 legum
316 1083 348 1139 et
364 1075 442 1163 juris
464 1076 589 1158 peritus,
608 1089 639 1140 et
655 1075 802 1140 facundiae
819 1076 981 1139 admodum
997 1075 1183 1149 studiosuS,'

122 1182 200 1246 inter
219 1191 339 1246 veteres
358 1191 493 1246 oratores
519 1183 714 1266 rhetoresque
730 1182 845 1246 versari
867 1183 1039 1257 consuevit;
1058 1185 1169 1246 tertius

122 1290 251 1373 denique
281 1290 444 1366 AEmilius‚
469 1289 639 1354 litterarum
666 1290 799 1352 omnium
829 1290 1068 1367 amantissimus
1096 1313 1166 1353 cum

123 1397 252 1462 Caesaris
263 1397 380 1461 dicendi
392 1419 487 1481 genus
497 1405 527 1460 et
536 1397 691 1483 ingenium
705 1404 736 1461 et
747 1397 950 1480 eloquentiam
960 1397 1106 1460 curiosius
1116 1398 1166 1459 in-

121 1504 330 1591 vestigarent,
345 1511 379 1569 et
392 1505 514 1590 penitus
530 1527 619 1568 nosse
635 1506 799 1569 admodum
812 1504 925 1588 cupiat,
940 1506 1015 1568 duos
1030 1505 1097 1567 illos
1113 1527 1167 1566 so·

66 1680 69 1685 ,
120 1614 205 1677 dales
216 1634 287 1678 suos
297 1614 336 1676 ad
349 1633 382 1676 se
396 1600 529 1688 vocavit,
545 1634 710 1696 eorumque
725 1612 868 1677 doctrinae
882 1612 991 1695 petivit
1003 1613 1162 1676 auxilium.

166 1721 221 1784 Cui
232 1721 336 1785 statim
354 1717 522 1783 Camillus:
544 1750 556 1771 u
572 1721 695 1784 Novam
710 1741 833 1803 prorsus
845 1730 876 1782 et
889 1719 1045 1802 pulchram
1061 1731 1165 1784 mate-

120 1826 195 1890 riam
213 1825 318 1903 affers,
333 1825 448 1908 inquit,
464 1826 518 1888 sed
540 1826 630 1889 valde
652 1825 850 1889 reconditam.
867 1826 987 1889 Primas
1007 1827 1099 1911 igitur
1122 1829 1166 1890 ad

119 1933 304 1998 audiendum
315 1933 388 1996 mihi
399 1940 595 2016 partesrogo,
610 1932 708 1996 nullas
718 1954 789 1995 vero
798 1933 837 1995 ad
845 1932 1074 2026 disputandum.
1090 1964 1101 1984 ι·
1116 1934 1166 1998 Ut

119 2041 201 2104 enim
215 2043 253 2105 de
269 2041 428 2124 Cicerone,
442 2041 527 2125 cujus
539 2047 641 2104 tamen
656 2061 807 2124 perpauca
820 2040 890 2123 legi,
905 2041 1017 2123 aliquid
1035 2039 1165 2105 fortasse

119 2147 260 2223 sentiam,
280 2148 317 2209 de
341 2146 470 2211 Caesaris
490 2145 630 2211 facundia
647 2147 719 2230 quid
740 2146 797 2210 dici
814 2146 912 2229 possit
933 2167 972 2209 ne
987 2148 1076 2209 video
1094 2149 1164 2230 ipri-

118 2255 200 2331 dem,
216 2255 302 2340 cujus
313 2252 426 2316 nullam
442 2253 610 2316 orationem
622 2274 755 2336 unquam
768 2253 843 2316 vidi.
856 2255 939 2317 Num
955 2275 1011 2317 vos
1028 2255 1163 2338 aliquam

118 2361 235 2425 nostist

157 2460 267 2544 mdes,
282 2465 380 2550 inquit
394 2456 558 2549 Valeriae,
580 2465 722 2557 quumld
740 2486 762 2533 a
781 2460 868 2531 nohis
889 2484 978 2550 rogas
998 2466 1162 2552 quod'tute

116 2575 232 2658 optimc
246 2574 317 2638 sois.
333 2565 577 2637 Commentarios
592 2580 673 2637 certe
685 2572 749 2660 est
760 2574 884 2638 exstare
897 2587 955 2637 n'on
972 2575 1082 2658 neseis,
1095 2577 1163 2660 qui-

116 2676 1159 2763 bmmmmfflmfflmmmmmmmmfflmwms

115 2786 227 2853 Nonne
237 2785 329 2872 igitur
340 2786 371 2849 in
386 2785 423 2849 iis
440 2782 576 2869 plurimae
587 2793 658 2850 sunt
670 2787 829 2850 conciones
842 2795 873 2851 et
884 2786 1109 2852 cohortationes
1121 2791 1161 2853 a'd

114 2871 1160 2980 mfflmmffimmmmmmfflmffimfflmmhwc

114 2997 219 3065 liceatl
232 2998 302 3065 Non
314 2999 415 3086 legisti
427 3007 518 3084 quam·
532 3019 613 3084 saepe
624 3003 706 3084 apud
718 3001 860 3084 populum
873 3002 991 3066 locutus
1003 3003 1055 3086 sit,
1067 3015 1158 3087 quam

113 3104 227 3172 milltes
244 3103 329 3192 leges
350 3108 502 3193 rogandos
516 3108 746 3192 abrogandasve
761 3108 922 3184 curaverit,
938 3117 1030 3192 quarn
1049 3110 1160 3173 multas

100 3202 244 3297 'denique
266 3222 374 3278 causes
397 3214 528 3277 orandas
552 3214 742 3298 susceperitt
767 3215 935 3300 Egregium
962 3216 1017 3296 sit,
1043 3216 1159 3280 medius

112 3317 1154 3404 fflmmhmmmwmmmmmmfflmmmfflfflm

112 3427 215 3492 abillo
232 3443 324 3491 unum
342 3433 374 3491 et
388 3426 568 3510 vigesimum
584 3427 683 3490 aetatis
695 3435 807 3491 ennom
824 3437 933 3512 agente
943 3428 1000 3492 Cn.
1017 3430 1159 3492 Dolabel·

112 3533 171 3597 lam
186 3528 229 3621 ll)
246 3534 481 3618 repetundarum
506 3534 692 3616 postulatum
717 3534 819 3610 luisse,
848 3535 895 3599 alt·
909 3536 1016 3598 eodem
1043 3520 1157 3600 Masin-

112 3640 197 3704 tham
209 3638 262 3727 (2),
278 3647 310 3704 et
326 3638 459 3725 Nysam,
473 3639 650 3705 Nicomedis
665 3641 758 3705 filiam
772 3641 833 3728 (3),
848 3643 878 3706 et
894 3643 1043 3728 Bithynos
1060 3644 1109 3729 (4),
1126 3652 1157 3708 et

147 3864 178 3926 (l)
189 3864 248 3914 Tac.
263 3861 293 3910 de
304 3869 366 3914 orat.
382 3863 418 3914 st.
432 3866 519 3911 Errare
530 3860 578 3920 hic,
596 3864 679 3911 Tacito
692 3863 752 3911 duce
763 3873 786 3912 er
803 3865 912 3930 adspice,
927 3865 1036 3916 Valerius
1052 3868 1155 3922 ridetur.

111 3954 209 4004 t'mnstat
219 3951 282 4000 enim
294 3949 356 4000 hunc
368 3960 461 4000 cauum
474 3959 550 4000 actam
565 3963 616 4000 esse
626 3965 689 4001 anno
701 3955 727 4000 17
739 3966 764 4005 a.
774 3966 799 4003 o.
812 3968 838 4005 n.
852 3958 921 4004 Tunc
933 3965 1012 4004 autem
1023 3959 1100 4006 Caesar
1109 3966 1156 4006 tros

109 4051 133 4092 et
145 4041 226 4106 viginti
236 4049 373 4123 mouserot
385 4047 463 4092 natus.
475 4038 542 4091 Conf.
556 4039 607 4092 Cic.
620 4040 645 4090 in
661 4041 709 4094 Pis.
724 4056 746 4095 c.
759 4040 799 4104 10,
805 4040 869 4096 Veh,
882 4046 904 4110 2,
919 4047 954 4096 13,
969 4044 1018 4095 Cir.
1033 4050 1100 4096 Brut.
1117 4049 1153 4098 92.

109 4133 165 4185 Val.
178 4136 247 4182 Max.
257 4134 282 4198 8,
292 4134 313 4180 9.
324 4133 348 4184 3.

28 4207 30 4211 ’
143 4224 177 4288 (a)
193 4223 251 4272 nro,
264 4224 331 4272 cass.
343 4224 379 4296 p,
392 4222 427 4287 u„
440 4225 505 4272 suo.
519 4223 578 4272 caes.
590 4223 625 4271 rr.
636 4249 672 4260 -
684 4220 715 4290 (a)
728 4225 793 4273 sua
803 4224 863 4275 cas.
876 4224 910 4274 ro.

134 4314 176 4385 μ)
194 4315 225 4362 Α.
241 4311 305 4364 Gell.
319 4316 342 4380 5,
356 4306 391 4364 13.

195 4740 296 4831 s
