2730 4966
520 335 695 398 „fl-

131 480 231 560 Quod·
240 485 342 544 autem
356 478 395 543 de
410 478 610 542 concitatione
625 486 657 541 et
672 477 864 577 vehementia
880 479 983 544 retulit
993 479 1136 559 Quincti-

88 588 199 661 lianus,
216 608 277 651 non
289 586 387 672 magis
403 587 441 650 ad
456 586 623 650 orationem
640 584 829 651 referendum
846 593 920 670 puto
931 606 1027 670 quam
1037 590 1076 651 ad
1091 587 1138 671 ip·

45 680 48 685 ¹
88 695 152 761 sius
163 694 293 758 Caesaris
311 694 455 768 animum,
475 700 568 775 atque
583 692 621 756 ad
639 693 756 757 vultum
772 691 969 776 habitumque
984 699 1016 757 et
1031 708 1136 758 vocem

10 856 13 861 .
89 800 199 885 quibus
217 801 336 865 animus
354 812 421 865 sese
442 800 535 864 oculis
556 799 700 863 ostendit.
723 799 847 863 Dixisse
865 799 945 863 enim
961 820 1031 863 eum
1051 807 1138 883 patet

88 929 209 972 summa
219 908 312 972 animi
324 908 528 981 contentione,
541 912 573 969 et
583 903 821 990 flagrantissima
833 906 974 970 vincendi
983 907 1137 991 cupidine,
1230 894 1233 899 ’

93 1047 105 1069 u
128 1018 235 1079 eadem
253 1015 383 1099 denique
398 1037 459 1101 qua
473 1015 607 1079 bellavit.
629 1046 640 1068 n
661 1013 740 1077 Illud
754 1014 834 1076 enirn
850 1013 928 1077 inter
940 1034 1046 1078 omnes
1057 1012 1140 1078 anti-

89 1144 166 1208 quos
176 1123 340 1204 scriptores
353 1122 510 1199 convenit;
529 1130 635 1204 atque,
653 1120 774 1185 etiamsi
785 1141 875 1184 nemo
887 1121 1085 1203 narravisset,
1101 1139 1140 1184 ex

10 1231 31 1267 t'
89 1231 155 1317 ejus
165 1228 286 1315 ingenio
301 1235 333 1294 et
347 1236 458 1294 natura
470 1238 570 1313 perse
583 1228 659 1291 satis
674 1235 740 1291 erat
755 1225 960 1292 manifestum.
976 1226 1079 1291 Testis
1090 1233 1138 1292 est

89 1342 171 1400 certe
182 1335 266 1399 haud
277 1335 454 1400 inficiandus
465 1336 564 1417 Juba,
581 1334 771 1418 Hiempsalis
784 1332 865 1419 regis
878 1334 974 1410 filius,
993 1334 1142 1398 adversus

91 1464 182 1526 quem
195 1464 289 1527 quum
304 1442 491 1508 Masintlrarn
504 1442 680 1507 defenderet
688 1443 733 1506 ita
744 1443 895 1506 exarsisse
907 1443 1020 1506 dicitur
1028 1449 1062 1508 ut
1074 1441 1142 1526 ejus

90 1552 217 1617 barbam
232 1551 391 1616 invaderet
402 1551 462 1638 tl).
481 1551 608 1617 Minime
627 1551 719 1636 igitur
736 1551 846 1620 mirum
869 1557 917 1615 est
930 1551 1142 1635 pronuntiasse

43 1724 53 1741 ,Ι
92 1678 181 1734 eum,
200 1668 235 1722 ut
255 1657 315 1722 fert
329 1658 512 1734 Suetonius,
535 1689 547 1712 u
566 1679 640 1748 voce
659 1665 768 1742 acuta,
790 1659 908 1723 ardenti
930 1664 1014 1722 motu
1036 1664 1142 1743 gestu·

13 1756 22 1763 ’
93 1786 153 1849 que
166 1765 234 1852 l2).
257 1798 270 1821 n
290 1766 408 1830 Cuncta
424 1767 515 1829 etiam
534 1765 586 1830 illa
597 1786 663 1849 quae
679 1767 719 1828 ad
735 1766 960 1840 miserationem
976 1764 1140 1850 pertinent,

92 1871 281 1952 squalorem,
305 1873 469 1958 lacrymas,
488 1873 641 1958 gemitus,
662 1893 768 1936 omnes
782 1872 912 1956 denique
930 1893 1089 1936 scenarum
1104 1872 1145 1936 ad

93 1976 221 2051 affectus
236 1981 671 2067 commovendos-apparatus,
689 1980 811 2063 egregie
828 1982 866 2042 ab
881 1999 918 2042 eo
929 1961 1105 2058 instructos,
1115 1977 1145 2042 si

94 2106 171 2170 opus
186 2094 286 2159 esset,
302 2095 393 2168 atque
410 2087 574 2149 adornatos
588 2085 681 2149 fuisse
693 2093 825 2150 constat.
838 2084 1141 2168 Quantasapientia,

96 2203 210 2278 quanta
228 2194 378 2256 modestia
393 2213 460 2255 sese
477 2191 705 2256 concionantem
716 2191 888 2269 induxerit,
905 2193 996 2256 ulad
1013 2192 1143 2276 patriam

96 2302 188 2366 armis
204 2301 368 2384 petendam
384 2299 557 2362 hortaretur
571 2298 703 2383 milites,
723 2297 870 2364 Camillus
885 2299 1067 2363 memoravit
1082 2322 1089 2373 ;
1113 2307 1145 2363 et

97 2408 136 2470 ab
151 2407 345 2471 eononnulla
365 2427 469 2475 eorum
489 2426 557 2488 quae
576 2405 703 2468 dixisset
717 2426 753 2468 ao
766 2406 917 2488 pollicitus
936 2413 1017 2469 esset
1033 2391 1145 2469 omissa

97 2516 135 2578 de
155 2515 301 2578 industria
323 2513 415 2578 luisse
435 2513 634 2577 confirmavit.
658 2513 737 2576 Sunt
757 2520 859 2576 autem
884 2513 977 2576 etiam
1000 2512 1059 2577 alia
1078 2530 1146 2595 quae

98 2623 205 2685 eadem
226 2623 263 2684 de
284 2642 375 2685 causa
400 2621 540 2685 tacuerit.
565 2619 765 2684 Praetermisil
789 2620 869 2683 enim
889 2620 1010 2704 omnino
1032 2626 1146 2704 quanta

99 2727 257 2811 diligentia
273 2734 305 2791 et
318 2728 442 2792 solertia
458 2728 549 2814 hujus
565 2727 721 2812 tragoediae
732 2747 854 2791 scenam
873 2726 1036 2804 ornaverit,
1054 2735 1147 2811 atque

101 2834 205 2897 omnia
226 2835 264 2897 ad
289 2833 525 2898 misericordiam
550 2843 643 2917 atque
665 2833 906 2917 indignationem
930 2833 1143 2919 composuerit.

99 2940 262 3026 Egregium
287 2952 389 3004 tamen
413 2951 508 3004 artem
521 2941 694 3028 praestitit,
716 2949 747 3004 et
769 2961 835 3023 quae
858 2942 1003 3007 memoria
1024 2960 1148 3024 prorsus
1222 3000 1225 3005 .

99 3057 179 3113 esset
195 3050 296 3130 digna.
316 3048 468 3111 Proficisci
480 3049 611 3130 primum
630 3047 796 3136 exercitum
814 3046 917 3131 jussit,
938 3056 969 3113 et
984 3057 1148 3131 antequam

98 3157 188 3219 sciret
204 3175 265 3238 quo
281 3154 440 3216 duceretur
454 3152 642 3217 Rubiconem
658 3154 827 3239 transgredi
846 3180 853 3218 :
874 3155 1000 3239 perinde
1017 3176 1053 3220 ac
1069 3156 1149 3219 siah

99 3284 135 3326 eo
152 3263 226 3325 illud
246 3260 361 3324 lacinus
383 3270 454 3322 ante
474 3247 640 3322 admissum
660 3280 727 3323 esse
750 3281 842 3344 quam
863 3270 968 3325 notum
989 3260 1145 3328 voluisset.

99 3371 184 3435 Tunc
198 3372 319 3434 demum
336 3369 374 3432 iis
388 3368 417 3431 in
434 3369 528 3432 vetito
539 3369 605 3454 jam
619 3389 694 3454 agro
704 3370 856 3433 stantibus
866 3371 1030 3434 Curionem
1046 3371 1150 3434 etAn-

100 3476 231 3552 tonium,
250 3476 386 3540 tribunos
403 3476 515 3560 plebis,
532 3484 568 3540 ut
583 3476 684 3539 Roma
697 3475 905 3559 profugerant,
924 3476 1026 3539 servili
1044 3476 1149 3541 habitu

100 3592 191 3666 atque
201 3583 318 3646 itineris
334 3585 460 3666 pulvere
477 3585 637 3666 citataeque
650 3581 730 3666 fugae
742 3582 864 3647 miseria
880 3583 1018 3650 sordidos
1035 3584 1149 3667 produ-

100 3692 164 3766 xit,
184 3691 235 3775 qui
254 3690 387 3753 dicerent
404 3711 436 3752 se
452 3689 519 3752 ideo
536 3689 642 3752 mortis
659 3689 827 3772 periculum
842 3689 989 3767 subiisse,
1008 3690 1076 3754 ideo
1093 3708 1151 3776 pe·

100 3799 221 3862 natibus
239 3805 270 3860 et
286 3798 386 3881 patria
408 3797 509 3882 lugere
527 3804 647 3861 coactos
664 3792 753 3876 esse,
772 3798 855 3880 quod
876 3795 1050 3880 Caesarem,
1068 3799 1151 3881 quod

100 3905 199 3989 ipsum
211 3905 376 3968 exercitum
390 3903 550 3967 defendere
562 3902 628 3967 ausi
640 3913 751 3968 essent.
765 3903 935 3969 Commotis
947 3905 1072 3969 tandem
1088 3905 1151 3968 ani-

102 4013 161 4077 mis
175 4020 268 4096 utque
286 4012 493 4096 indignatione
507 4009 573 4094 jam
588 4009 786 4076 frementibus
801 4018 948 4096 tanquam
961 4011 1044 4077 faces
1061 4013 1150 4076 addi-

102 4127 188 4186 turus
197 4129 326 4205 apparet
335 4118 450 4202 Caesar,
467 4148 479 4170 ιι
492 4115 628 4202 flensque
639 4127 671 4182 et
680 4125 795 4183 vestes
805 4126 927 4206 pectore
936 4119 1064 4185 discissa
1073 4118 1122 4207 (3)
1133 4151 1147 4178 a

140 4337 941 4421 mmmmfflfflmmm-fflmwm
