2730 4966
610 79 782 141 ..33...

165 218 331 300 adipsum
347 215 521 283 Casurem:
540 217 615 281 De
630 217 809 297 Trebatio,
804 241 845 282 mr
838 217 974 294 Caesar,
991 219 1045 283 tibi
1061 220 1124 285 hoec
1135 242 1223 304 spon
1298 222 1336 247 ’“

170 324 278 388 udeo
304 323 382 412 (non
401 324 484 387 illo
465 333 570 388 uetere
584 326 676 389 verbo
692 347 760 389 meo
777 325 859 411 quod
876 345 945 388 cum
965 326 1005 389 de
1018 326 1134 389 Milone
1148 327 1223 390 scri·

167 429 362 514 upsissem,
379 432 446 516 jure
461 431 557 494 lusis
536 438 575 507 1
594 431 650 494 sed
664 452 747 494 more
767 452 904 507 romano,
922 432 1073 515 quomodo
1088 431 1225 497 homines

166 564 184 588 u
216 522 285 599 non*
296 536 391 621 inepti
406 535 582 621 loquuntur)
601 535 653 624 (1).
672 569 685 592 n
709 536 1051 614 VidesneCiceronem,
1070 558 1164 622 quum
1184 538 1225 601 ad

159 645 306 706 amicum
323 642 438 718 scribit,
454 644 573 706 absenti
586 651 814 727 responsantern
827 644 984 728 magistro,
1002 651 1034 709 et
1044 646 1169 709 verbum
1185 647 1225 708 ab

161 771 211 812 eo
233 750 412 814 damnatum
433 757 536 823 εὑπινές
557 759 588 815 et
609 753 755 815 urbanum
776 771 885 815 vocare
907 752 988 815 haud
1011 752 1222 817 dubitantemt

162 856 263 920 Idem
280 866 393 931 autem,
413 865 447 921 ut
461 858 641 940 prudentem
658 858 838 941 discipulum
853 865 885 922 et
898 879 959 921 non
973 859 1064 922 nimis
1081 860 1227 938 audacem
1246 870 1249 877 ’

164 964 292 1038 decuit,
305 965 357 1028 ubi
369 966 465 1047 ipsius
478 966 509 1027 in
525 973 719 1048 conspectum
730 972 876 1030 venturus
895 973 959 1042 est,
972 967 1036 1052 jam
1049 966 1170 1030 demisit
1180 986 1245 1029 can

165 1079 248 1154 put,
258 1079 289 1134 et
295 1073 364 1157 jure
373 1071 494 1135 irrisum
505 1092 538 1134 se
547 1071 673 1152 fatetur,
685 1080 716 1136 et
728 1071 830 1136 ferulae
843 1072 1118 1152 datmanum.Quis
1127 1080 1230 1136 autem
1276 1155 1277 1160 ἵ
1349 1054 1352 1060 ’

143 1186 150 1199 ’
169 1197 240 1240 non
255 1177 381 1242 miretur
400 1178 589 1242 consularem
601 1186 632 1241 et
645 1179 856 1262 triumphalem
874 1180 973 1242 virum
989 1230 996 1254 ,
1012 1200 1067 1262 per
1087 1165 1232 1263 epistolas¹

175 1286 275 1347 verba
294 1285 459 1349 amicorum
476 1284 687 1348 cavillantemt
704 1285 781 1362 Quis
795 1303 931 1368 unquam
947 1285 1065 1369 audivit
1078 1284 1231 1349 Caesarem
1260 1347 1262 1352 .

175 1392 264 1454 illum
277 1399 428 1462 nostrum,
453 1391 504 1474 qui
518 1399 615 1454 totam
628 1392 776 1455 vincendo
796 1393 953 1474 Europam
967 1390 1127 1467 lustravit,
1150 1397 1240 1474 prae-'

179 1496 269 1562 fectis
288 1519 324 1562 ac
337 1497 448 1582 legatis
461 1497 524 1562 suis
536 1499 573 1560 de
584 1505 665 1562 recto
675 1499 836 1560 verborum
852 1519 911 1561 usu
922 1498 1042 1562 dedisse
1060 1494 1230 1582 praeceptat
1253 1528 1260 1547 ·

226 1641 271 1652 -
282 1604 402 1688 Nempe
416 1612 473 1688 put
462 1605 586 1668 tandum
603 1612 661 1677 est,
684 1605 784 1688 inquit
799 1604 958 1685 Camillus,
978 1605 1168 1670 occasionem
1184 1624 1233 1667 re-

182 1711 439 1818 prehensionis
413 1732 441 1774 er
460 1710 554 1775 fuisse
571 1711 698 1774 nullam.

228 1810 310 1882 Risit
330 1818 539 1892 Valerius,at
506 1826 601 1900 atque
622 1817 774 1900 excepit:
730 1817 1006 1881 tCaesarist
950 1818 991 1902 rgi
993 1824 1043 1880 tur
1057 1817 1236 1901 eloquentiae

183 1925 336 2008 praecipua
350 1923 461 1986 laus
430 1944 461 1986 e
464 1944 497 1986 se
512 1923 595 1986 videt
583 1930 632 1986 tur
646 1907 761 1987 urbana
775 1923 914 2005 quaedam
929 1930 962 1987 et
974 1921 1132 2007 magnifico
1147 1944 1237 2008 gene·

185 2050 315 2112 rosoqoe
338 2036 445 2107 ornatu
469 2027 611 2092 distincta
632 2027 796 2111 elegantia.
824 2027 919 2114 Cujus
940 2028 1173 2112 pulcherrimam
1198 2048 1235 2093 uc

185 2136 382 2200 clarissimam
403 2135 533 2220 effigiem
555 2135 706 2218 expressit
726 2119 937 2208 Cicero‚'cum
958 2134 1036 2198 dixit
1057 2136 1088 2196 in
1109 2137 1230 2198 Bruto:

190 2273 203 2299 «
232 2243 333 2308 Caesur
348 2252 448 2309 autem
463 2240 711 2307 consuetudinem
726 2239 869 2321 vitiosam
884 2249 915 2303 et
928 2247 1099 2324 corruptam
1112 2260 1189 2325 puro
1203 2249 1236 2306 et

190 2382 202 2405 u
230 2351 403 2432 incorrupta
426 2338 819 2411 consuetudine'emendat.
845 2346 953 2431 Itaque
977 2367 1070 2430 quum
1095 2348 1135 2411 ad
1156 2347 1234 2412 hanc

190 2464 204 2510 α’
231 2458 412 2540 elegantiam
430 2456 589 2518 verborum
605 2452 767 2515 latinorum
790 2450 876 2538 (quae
889 2452 987 2546 ,etiem
1007 2452 1031 2515 si
1053 2462 1154 2518 orator
1174 2476 1235 2518 non

190 2594 203 2616 u
231 2565 285 2646 sis,
307 2572 337 2626 et
357 2562 399 2625 sis
415 2561 563 2645 ingenuus
580 2559 655 2622 civis
668 2579 820 2632 romanoe,
844 2566 948 2622 tamen
968 2559 1139 2623 necessaria
1152 2550 1233 2648 est),

192 2701 205 2724 u
231 2669 367 2755 adjungit
382 2668 434 2732 illa
449 2666 584 2731 oratoria
597 2675 775 2729 ornamenta
790 2660 925 2743 dicendi,
951 2672 1015 2729 turn
1031 2666 1151 2730 videtur
1169 2672 1240 2749 tan·
1284 2670 1298 2697 ³

192 2807 205 2829 u
232 2797 324 2860 quam
345 2775 464 2838 tabulas
485 2775 561 2835 bene
584 2772 680 2856 pictas
703 2771 849 2834 collocare
871 2770 904 2832 in
925 2772 1002 2834 bono
1023 2771 1135 2834 lumine
1150 2771 1199 2857 (2).
1220 2781 1244 2828 ι’
1280 2788 1295 2811 r

187 2881 271 2946 Nihil
288 2881 466 2956 addamne
480 2878 578 2940 lucem
592 2877 664 2939 dare
680 2876 757 2939 velle
773 2876 830 2939 soli
845 2875 961 2940 videar.

234 2968 324 3052 Alius
343 2988 434 3050 etiam
455 2987 560 3069 lepos,
581 2982 711 3047 Caesaris
731 2982 763 3044 in
786 2984 876 3046 domo
897 2983 1004 3048 solitus
1021 2994 1087 3050 erat
1108 2986 1237 3071 innasci,

190 3107 281 3180 quem
306 3094 363 3178 ipsi
383 3115 442 3156 non
467 3090 598 3155 defuisse
623 3089 811 3154 crediderim.
841 3121 854 3144 «ι
868 3090 941 3154 Sale
962 3113 1034 3168 yero
1058 3109 1088 3155 et
1105 3092 1235 3167 facetiis,

194 3233 206 3255 u
233 3203 330 3286 inquit
344 3201 461 3273 Cicero,
486 3199 584 3262 Julius
607 3197 711 3262 Caesur
733 3197 806 3261 vicit
827 3186 934 3260 omnes
952 3198 1002 3284 (3).
1019 3229 1032 3252 υ
1052 3200 1122 3267 Nec
1144 3201 1240 3264 semel
1293 3242 1318 3263 -..

190 3333 258 3374 eum
272 3311 393 3372 laudem
409 3297 594 3370 nobilissimo
608 3304 651 3367 illi
666 3304 797 3368 Caesaris
810 3303 906 3367 nostri
919 3314 1027 3386 patruo
1042 3305 1159 3382 tribuit,
1184 3309 1240 3373 sed

193 3417 317 3502 quoties.
330 3416 367 3478 de
391 3435 439 3490 eu,
463 3412 527 3480 sive
549 3411 632 3485 dote,
655 3411 720 3474 sive
740 3418 806 3473 arte
825 3409 1027 3492 pulcherrima
1044 3411 1163 3477 locutus
1178 3421 1237 3492 est,

193 3546 260 3587 eam
276 3533 421 3606 tanquam
443 3519 594 3603 peculiare
609 3517 763 3600 quoddam
776 3516 889 3579 bonum
904 3517 947 3579 illi
954 3518 1113 3605 assignat.
1129 3521 1238 3606 Itaque

192 3631 222 3695 in
237 3631 369 3695 secundo
384 3627 459 3691 libro
471 3620 621 3709 praeclare
633 3622 713 3688 illius
726 3622 939 3789 disptqtqtronrs
952 3647 1044 3709 quam
1056 3628 1095 3693 de
1109 3629 1186 3695 Orat
1174 3637 1240 3695 tore

149 3945 155 3954 ,
228 3903 260 3972 (1)
278 3903 330 3955 Cir.
339 3899 415 3968 Epist.
427 3898 546 3960 additui,
560 3902 628 3947 5.-
649 3899 681 3961 (ἢ)
693 3897 741 3946 Cic.
752 3901 821 3950 Brut.
831 3901 867 3947 75.

228 3996 329 4149 (1)
278 3994 327 4043 Cic.
346 3995 382 4040 De
399 3990 439 4041 ott.
453 3994 477 4051 1,
489 3994 527 4042 31.
538 3989 598 4044 Vid;
610 3987 731 4048 micent,
740 3991 785 4046 3⁰3
801 3993 870 4038 tlt-,m
881 3991 924 4050 ts;
938 3994 980 4038 ()ι·.
994 4005 1054 4056 poss.
1068 3995 1140 4041 Tusc.
1156 3995 1178 4056 5,
1194 3995 1239 4054 19;

882 4114 904 4165 2ss
