2730 4966
703 355 877 419 ..36-

267 524 358 588 quarn
376 503 484 567 melius
500 500 625 574 invenit,
644 520 702 561 nou
721 501 810 562 modo
827 520 902 570 rem.
917 499 972 562 sed
987 497 1080 561 etiam
1090 495 1219 558 verbum
1231 512 1312 556 com·

266 588 388 673 modum
405 618 498 692 atque
519 606 646 682 efficax,
661 607 785 669 verbum
804 606 885 688 quod
905 613 1036 688 pungat,
1059 601 1141 687 quod
1158 599 1310 682 impellat,

265 717 348 802 quod
362 714 495 779 fulminis
508 714 605 776 instar
619 719 793 776 consternat
807 711 937 774 cunctat

309 821 413 904 Hujus
429 842 485 905 ego
498 819 560 882 vim
577 827 607 882 et
623 838 750 882 acumen
769 824 800 881 ot
819 816 1078 900 opportunitatem
1098 835 1159 875 non
1173 811 1313 875 commit-

128 955 132 962 ·
153 977 157 983 .
266 935 332 991 tam
346 936 382 990 ut
396 924 577 1010 explicando
588 924 791 989 obscuriorem
805 914 926 988 faciam.
939 921 1058 985 Umbra
1071 935 1175 995 tamen
1191 919 1315 980 admota

267 1032 460 1115 splendorem
475 1030 534 1094 luci
550 1030 660 1095 addit:
683 1030 782 1094 lucido
804 1029 896 1114 igitur
908 1028 952 1090 illi
971 1027 1064 1092 verbo
1084 1022 1222 1088 conferre
1237 1022 1315 1085 haud

268 1139 431 1215 absurdum
443 1137 502 1201 erit
514 1138 595 1219 quod
606 1136 659 1199 tali
669 1135 824 1200 occasione
834 1135 894 1200 Dio
905 1133 1034 1197 dixisset
1045 1131 1072 1196 si
1082 1130 1189 1194 suisset
1198 1129 1311 1193 Caesar.

272 1275 286 1297 ι·
304 1244 415 1328 Neque
430 1265 503 1308 vero
518 1241 659 1326 praeferre
672 1263 727 1305 vos
744 1242 861 1306 civibus
877 1241 929 1324 qui
945 1239 1027 1331 domi
1046 1244 1118 1300 sunt
1131 1235 1261 1310 debella,
1280 1235 1315 1296 ob

272 1380 286 1403 a
304 1351 335 1413 id
354 1350 577 1434 quiamilitiam
591 1349 749 1415 sectamini
764 1347 823 1435 (1).
844 1380 856 1403 n
876 1348 988 1413 Nonne
1004 1353 1179 1431 pergratum
1196 1342 1255 1406 hoc
1270 1341 1284 1404 l
1301 1378 1315 1389 ·

269 1464 372 1520 turum
385 1456 477 1521 luisse
491 1456 637 1519 militibus
653 1456 780 1538 putatis,
793 1475 886 1538 quum
903 1475 922 1517 a
937 1455 1079 1546 ducesuo
1092 1471 1125 1513 se
1142 1448 1314 1531 posthaberi

268 1562 408 1627 viderent
417 1563 477 1626 illis
486 1563 614 1644 civibus,
626 1563 684 1625 illis
695 1562 819 1647 togatis,
830 1582 906 1644 quos
915 1559 1006 1624 toties
1016 1558 1151 1622 vicerant
1162 1575 1198 1618 ac
1208 1556 1315 1637 praedae

269 1669 451 1751 habuerant,
466 1688 654 1751 quorumque
668 1667 698 1729 in
714 1669 839 1742 domos,
853 1666 952 1741 villas,
969 1664 1084 1748 pradia
1101 1670 1132 1726 et
1147 1660 1315 1744 possessio·

269 1780 404 1836 nestum
419 1772 552 1834 maxime
568 1771 749 1836 inhiabantl
827 1830 829 1835 ,
917 1791 920 1797 ’

312 1876 374 1941 Hic
386 1885 488 1940 autem
499 1877 621 1939 credere
632 1876 706 1938 nihil
717 1883 802 1940 vetat
813 1876 965 1940 Caesarem
978 1896 1038 1937 non
1054 1895 1093 1936 ex
1106 1881 1244 1954 tempore
1259 1870 1315 1934 hoc

271 1982 401 2058 dixisse,
420 1981 474 2045 sed
489 1991 628 2066 paratum
645 1990 830 2058 etornatum
846 1982 936 2045 domo
952 1979 1103 2043 attulisse.
1120 1976 1199 2042 Mihi
1214 1983 1316 2040 tamen

270 2090 394 2153 minime
408 2089 534 2153 dubium
547 2097 595 2153 est
610 2089 681 2173 quin
699 2097 763 2153 tam
776 2088 915 2172 praesenti
930 2087 1050 2171 ingenio
1062 2083 1172 2167 fuerit,
1188 2091 1223 2148 ut
1236 2104 1316 2146 sem-

270 2215 323 2278 per
339 2195 479 2257 habuerit
494 2203 669 2276 promptum
684 2203 716 2257 et
736 2195 911 2277 expeditum
930 2193 1012 2276 quod
1033 2191 1193 2262 lacessitus
1213 2187 1285 2253 stati

270 2298 477 2380 responderet.
488 2296 659 2381 Postquam
670 2299 748 2360 enim
759 2297 860 2360 Gallia
872 2298 1028 2381 provincia
1043 2302 1124 2360 esset
1136 2294 1164 2357 ei
1178 2295 1313 2377 decreta,

269 2424 337 2467 cum
352 2402 504 2487 frequenti
517 2405 600 2468 curia
612 2413 722 2469 ovante
734 2395 844 2488 gaudio
854 2406 997 2490 jactaret,
1018 2433 1031 2456 u
1050 2402 1266 2466 insultaturum
1284 2420 1315 2464 se

270 2511 403 2574 omnium
418 2512 586 2595 capitibus,
605 2543 618 2567 n
636 2519 758 2595 patrum
778 2513 941 2595 quemdam
961 2510 1120 2596 negavisse
1138 2529 1193 2591 per
1208 2515 1316 2571 contu·

269 2615 392 2678 melium
410 2616 590 2680 meministis
609 2646 621 2668 u
645 2615 732 2680 facile
750 2617 807 2681 hoc
821 2618 875 2680 ulli
893 2617 1023 2681 foeminae
1040 2615 1104 2678 fore
1119 2613 1179 2701 (2)
1204 2644 1217 2668 n
1234 2614 1316 2678 Num

269 2719 436 2784 foedissimo
447 2719 508 2784 isto
524 2720 660 2784 convicio
674 2719 767 2785 fuisse
781 2722 1006 2805 interpellatum
1022 2743 1091 2785 eum
1102 2720 1237 2805 putatisl
1254 2720 1317 2782 No·

270 2846 339 2890 men
353 2826 428 2889 illud
446 2833 555 2909 sponte
573 2825 706 2910 accepit,
725 2833 822 2910 atque·
840 2827 909 2889 inde
930 2825 1109 2910 responsum
1128 2825 1229 2890 duxit.
1251 2857 1264 2881 n
1282 2825 1328 2888 In'

269 2932 402 3018 Assyria
426 2951 568 3015 quoque,
591 2932 707 3016 inquit,
734 2933 914 2996 Semiramis
933 2933 1093 3016 regnavit,
1119 2923 1151 2997 et
1174 2953 1317 3017 magnam

270 3039 354 3103 Asiae
366 3046 484 3122 partem
497 3038 672 3102 Amazones
683 3040 837 3122 quondam
847 3046 1020 3102 tenuerunt.
1041 3069 1054 3094 n
1072 3038 1215 3103 Facetior
1227 3046 1275 3102 est
1287 3045 1318 3102 et

269 3145 391 3227 gravior
402 3145 567 3208 admonitio
577 3144 629 3209 illa
643 3145 811 3223 familiaris,
826 3167 886 3230 qua
899 3145 1070 3230 Sempronii
1083 3145 1240 3230 cujusdam
1252 3146 1318 3208 ina-

269 3268 341 3311 nem
356 3249 481 3333 gloriam
503 3251 659 3332 repressit.
675 3251 736 3327 Qui
753 3272 820 3315 cum
838 3252 865 3314 ei
882 3253 1054 3315 ostenderet
1071 3251 1181 3315 vulnus
1196 3272 1249 3315 ore
1262 3271 1317 3314 ex-

269 3361 410 3440 ceptum,
426 3356 507 3438 quod
521 3368 645 3438 passum
657 3377 690 3419 se
709 3358 738 3419 in
754 3358 901 3420 seditione
920 3379 975 3440 pro
991 3358 1112 3422 Caesare
1130 3372 1316 3442 pugnantem

270 3463 475 3547 gloriabatur:
496 3493 508 3516 u
530 3458 696 3546 Nunquam
708 3462 827 3548 fugiens
839 3464 1020 3557 respexeris,
1035 3466 1134 3549 inquit
1146 3464 1207 3552 (3).
1226 3497 1240 3522 n
1258 3465 1318 3529 Fu·

270 3579 338 3636 ceta
349 3582 397 3635 est
409 3571 513 3645 etiam,
526 3572 581 3633 sed
593 3570 816 3644 immisericors,
830 3572 882 3635 illa
893 3574 934 3635 ad
944 3581 1123 3638 veteranum
1137 3572 1294 3657 responsio
1307 3596 1313 3635 :

269 3677 398 3740 cuicum
413 3676 542 3740 miseriis
556 3684 588 3741 et
601 3664 929 3756 laboribussconsectus
945 3680 1077 3744 demissa
1091 3700 1187 3764 usque
1203 3671 1234 3743 in
1249 3700 1317 3764 pec·

269 3789 319 3845 tus
331 3790 434 3846 vetere
449 3783 559 3858 barba,
578 3790 707 3847 mortem
723 3794 855 3870 rogaret,
876 3816 889 3838 ιι
910 3787 1000 3850 Nunc
1015 3787 1115 3864 enim,
1131 3786 1249 3870 inquit,
1266 3785 1314 3851 vi-

267 3888 315 3952 vis
327 3887 387 3974 (4lt
404 3888 561 3952 Nonnulla
580 3891 671 3954 etiam
685 3891 744 3954 alia
755 3892 794 3957 ab
805 3912 842 3955 eo
858 3902 890 3957 et
903 3892 981 3956 salse
992 3902 1023 3957 et
1033 3915 1072 3956 ex
1084 3900 1222 3978 tempore
1234 3893 1316 3957 dicta

268 4002 434 4082 suppetunt
444 3993 481 4084 (5)
494 4017 502 4058 :
517 3997 589 4080 quid
600 4004 700 4062 autem
708 3998 799 4082 juvat
808 4000 888 4083 apud
903 4001 1080 4064 confitentes
1091 3998 1313 4085 argumentarit

304 4262 336 4332 (l)
353 4265 410 4314 Dio.
421 4266 455 4327 ll,
465 4268 500 4315 31.
509 4293 543 4303 -
555 4267 821 4332 (a)s1rer.c‹es.29.·-
832 4265 866 4332 (3)
884 4265 981 4330 Quinot.
995 4269 1018 4334 6,
1031 4270 1051 4318 3.
1066 4270 1104 4320 75.

305 4353 340 4424 (t)
356 4359 421 4407 Suet.
435 4359 495 4408 ees.
503 4359 539 4410 at.
550 4382 585 4394 -
599 4353 630 4426 (5)
642 4359 700 4408 Seu.
711 4361 756 4424 Ep.
766 4362 803 4425 77,
813 4373 836 4408 c.
