2730 4966
725 371 902 434 ..20-

288 534 329 578 ex
345 521 482 598 tempore
497 521 531 576 ut
550 512 712 576 verisimile
725 518 782 594 est,
798 521 830 578 et
844 513 956 576 dictam
973 519 1004 576 et
1022 513 1180 596 scriptam,
1199 534 1268 576 cum
1285 513 1337 576 hac

288 621 424 705 expolita
442 629 473 684 et
491 620 629 685 omnibus
650 621 807 685 rhetoricae
829 621 945 684 artibus
966 621 1121 683 elaborata
1144 619 1183 707 (l)
1209 619 1339 684 confera-

287 727 371 791 mus!
391 727 492 805 Qnmn
513 727 634 810 quidem
658 748 717 789 non
740 734 836 790 totam
856 727 1034 810 legendam,
1054 747 1153 808 neque
1169 748 1225 809 per
1239 734 1339 810 partes

288 833 499 897 excutiendam
512 855 579 896 esse
588 834 675 903 nobis
688 855 812 906 censeo;
829 855 913 909 nam,
929 835 953 897 si
970 834 1029 897 alia
1041 834 1123 896 nulla
1138 855 1181 914 re,
1201 854 1339 897 mensura

288 947 371 1002 certe
394 948 426 1004 et
444 934 531 1024 copia
554 941 661 1005 mirum
686 941 716 1002 in
744 941 865 1003 modum
894 941 1023 1004 Caesaris
1048 940 1176 1003 orationi
1202 948 1336 1023 praestat.

289 1047 473 1111 Summotim
490 1056 607 1112 tantum
625 1069 758 1131 quaerere
773 1048 880 1110 'melius
895 1054 942 1110 est
959 1047 1068 1131 quibus
1083 1048 1274 1130 argumentis
1289 1071 1339 1131 po

289 1156 438 1218 tissimum
455 1177 528 1218 usus
544 1156 584 1219 sit
602 1155 744 1238 scriptor,
762 1172 824 1238 quo
838 1155 888 1217 illa
904 1155 1007 1217 ordine
1024 1155 1243 1238 composuerit,
1261 1176 1339 1238 qua·

289 1283 360 1325 nam
377 1263 507 1345 denique
523 1264 564 1326 sit
578 1263 659 1346 apud
674 1285 742 1326 enm
760 1271 827 1326 tota
842 1263 987 1327 suadendi
1004 1263 1129 1327 ratioet
1145 1262 1208 1325 via.

333 1368 369 1431 ln
390 1370 466 1431 duas
490 1369 620 1452 primum
636 1377 740 1452 partes
757 1368 922 1431 dividenda
937 1376 983 1431 est
998 1367 1050 1432 illa
1067 1367 1190 1450 concio,
1212 1387 1337 1451 quarum

288 1476 438 1561 posterior
462 1478 500 1541 de
520 1477 677 1540 Ariovisto
702 1486 733 1539 et
757 1477 795 1538 de
819 1478 953 1539 instante
972 1475 1050 1539 bello
1075 1474 1230 1550 meminit,
1260 1478 1338 1559 prior

287 1605 359 1648 vero
373 1605 412 1647 ne
425 1584 609 1648 mentionem
625 1585 746 1666 quidem
761 1582 844 1646 facit.
864 1583 1040 1666 Disputatio
1052 1583 1192 1665 quaedam
1212 1582 1278 1648 haec
1295 1591 1337 1648 est

288 1693 327 1754 de
342 1691 470 1776 publicis
484 1691 650 1774 privatisve
670 1691 864 1772 utilitatibus,
888 1691 925 1752 de
946 1689 1121 1754 fortitudine
1142 1698 1236 1773 atque
1257 1691 1337 1774 igna-

288 1798 352 1873 via,
375 1799 413 1860 de
435 1798 537 1881 parvis
554 1819 589 1861 ac
604 1799 642 1860 de
659 1797 776 1883 magnis
794 1798 980 1873 civitatibus,
1004 1796 1137 1860 debello
1157 1797 1290 1880 denique
1309 1805 1337 1862 et

291 1926 378 1990 pace,
397 1926 458 1989 qua
475 1904 661 1989 philosophis
676 1905 705 1966 in
726 1905 828 1968 schola
841 1905 1015 1967 sedentibus
1031 1905 1231 1967 demonstrari
1247 1912 1337 1988 queat

288 2012 446 2097 pulchrum
467 2033 502 2076 ac
522 2014 662 2076 decorum
684 2033 752 2076 esse
770 2033 825 2095 pro
844 2012 945 2095 patria
965 2022 1109 2096 pugnare.
1135 2011 1227 2079 Nihil
1237 2019 1335 2076 autem

287 2121 367 2185 inest
383 2122 464 2204 quod
482 2121 644 2197 militibus,
661 2121 835 2186 Germaniae
850 2122 940 2184 robur
954 2128 986 2185 et
1002 2127 1171 2206 egestatem
1187 2121 1335 2185 horrenti·

289 2228 355 2299 bus,
374 2227 490 2290 animos
506 2228 602 2309 possit
618 2229 740 2290 addere.

334 2332 489 2397 Posterior
503 2353 575 2395 vero
590 2354 661 2416 pars
674 2334 714 2395 ad
728 2353 790 2395 rem
807 2333 928 2416 quidem
944 2333 1042 2417 magis
1054 2332 1198 2418 pertinet,
1212 2355 1271 2398 non
1282 2357 1333 2399 au·

287 2446 349 2503 tem
365 2439 462 2524 magis
478 2438 572 2503 valet.
592 2439 727 2503 Primum
746 2441 824 2503 enirn
842 2441 915 2504 totis
929 2441 1108 2523 eloquentiae
1121 2441 1236 2504 viribus
1254 2442 1334 2506 adid

286 2547 433 2609 incumbit
453 2554 567 2627 orator,
587 2555 620 2610 ut
639 2548 781 2611 ostendat
797 2570 857 2610 non
874 2549 985 2633 injuste
1000 2530 1109 2610 bellum
1129 2569 1196 2610 esse
1216 2570 1335 2634 suscep-

287 2660 364 2725 tum,
384 2660 530 2734 tanquam
544 2653 575 2714 id
588 2661 693 2715 curent
706 2653 870 2718 Caesariani
883 2655 1009 2718 milites!
1031 2653 1206 2733 Quinetiam
1221 2657 1334 2738 optima

288 2757 314 2819 ei
330 2756 464 2840 prolecto
484 2779 533 2821 res
553 2765 610 2835 est,
633 2759 715 2842 quod
730 2758 803 2822 illud
819 2760 906 2842 parvi
920 2760 1031 2824 faciant
1048 2784 1054 2824 :
1070 2760 1143 2823 nihil
1159 2761 1242 2824 enim
1258 2763 1334 2826 aliud

288 2865 421 2929 ostendit
437 2864 493 2927 nisi
507 2864 730 2948 iniquissimum
743 2867 854 2930 bellum
871 2888 949 2930 esse.
966 2866 1078 2932 Omnia
1091 2867 1171 2935 enirn
1187 2849 1349 2934 Ariovisti‘

287 2973 412 3046 scelera,
431 2993 499 3056 quae
511 2993 630 3035 summa
641 2974 801 3036 verborum
816 2974 903 3057 copia
916 2984 948 3037 et
961 2972 1142 3057 profluentia
1155 2985 1330 3062 exaggerat,

287 3079 352 3143 haec
370 3089 441 3143 sunt
463 3101 469 3143 :
493 3081 531 3142 ad
554 3080 794 3142 ducentesimum
818 3080 951 3163 lapidem
973 3082 1076 3143 venire
1095 3081 1134 3144 ad
1154 3081 1333 3167 colloquium

263 3211 266 3215 ·
285 3187 399 3271 jussus,
418 3186 475 3248 hoc
489 3186 545 3248 sibi
563 3186 621 3250 iter
635 3185 806 3250 faciendum
824 3209 882 3250 non
898 3187 1064 3251 arbitratus
1081 3199 1137 3251 est.
1159 3189 1276 3255 Nonne
1291 3191 1332 3254 le·

287 3291 389 3375 pidarn
406 3293 482 3357 hanc
497 3313 618 3355 causam
636 3294 805 3375 perterritis
821 3295 966 3357 militibus
979 3294 1076 3357 visum
1091 3295 1127 3357 iri
1143 3298 1272 3381 pietatis,
1286 3317 1333 3363 cur

287 3400 345 3485 ipsi
356 3401 394 3465 ad
409 3399 579 3483 longinquae
592 3400 795 3482 expeditionis
810 3401 939 3483 labores,
959 3402 998 3463 ad
1013 3401 1123 3485 ignotae
1137 3404 1270 3488 regionis
1285 3428 1333 3469 an·

288 3510 404 3594 gustias
420 3517 451 3572 et
464 3507 560 3587 dolce,
577 3509 615 3570 ad
631 3508 741 3571 famem
755 3509 885 3591 denique
900 3516 930 3572 et
941 3509 1066 3573 vulnera
1082 3521 1111 3574 et
1126 3511 1236 3590 eaedes,
1254 3513 1332 3577 nulla

287 3616 428 3680 vincendi
444 3637 510 3699 spe,
528 3615 721 3701 objicianturt
745 3617 869 3694 Quanto
884 3617 980 3680 satius
996 3633 1062 3680 erat
1076 3617 1119 3706 id,
1143 3617 1208 3682 sive
1222 3619 1239 3682 ὲ
1254 3621 1331 3683 mili·

288 3723 369 3786 tibus
388 3723 559 3806 neglectum
580 3723 744 3808 negligere,
769 3723 832 3811 sive
851 3724 944 3787 abiis
963 3725 1122 3806 quaesitum
1144 3726 1265 3790 silentio
1288 3734 1332 3810 te7

287 3851 370 3913 gere,
394 3838 486 3913 atque
502 3852 622 3893 ornnem
640 3851 741 3894 curam
761 3832 789 3892 in
809 3831 1002 3897 minuendam
1022 3853 1125 3895 eorum
1142 3832 1331 3898 formidinem

286 3935 438 4006 conferret

329 4046 491 4109 Postremo
506 4065 598 4127 quum
614 4045 653 4109 ad
666 4047 756 4108 finem
769 4043 865 4127 uenit,
883 4045 1076 4111 timeresuos
1087 4048 1238 4112 recordari
1255 4048 1336 4112 vide·

285 4160 344 4231 tur,
363 4169 455 4235 atque
476 4152 519 4215 ita
537 4151 656 4229 timere,
674 4158 709 4216 ut
725 4172 763 4216 ex
779 4152 816 4215 iis
831 4172 897 4234 quae
912 4153 1135 4238 sapientissime
1150 4154 1250 4221 adhuc
1265 4177 1334 4220 con·

321 4392 352 4463 (l)
370 4393 426 4447 llio.
437 4395 502 4446 Cass.
517 4397 553 4455 38,
568 4393 640 4443 tutu.
