2730 4966
712 363 883 428 ..22-

279 510 461 585 debellandi,
485 537 498 562 ι
516 507 682 583 abscedite,
697 507 859 581 exclamat,
870 503 1026 582 abscedite
1036 504 1137 569 caeteri
1147 524 1240 587 quam
1252 503 1327 566 citis-

284 646 298 671 ι
316 615 408 688 sime,
429 634 530 698 neque
555 614 604 679 hic
620 613 694 677 mihi
714 615 917 697 nequicquam
939 611 1095 674 molestias
1116 608 1241 684 afferte,
1264 617 1326 672 tum

284 751 297 776 ι
314 722 434 807 publica
459 728 574 784 temere
603 721 816 797 absumentes,
842 728 907 783 tum
928 719 1059 783 alienum
1086 719 1221 781 laborem
1244 717 1328 781 vobis

284 859 297 884 ι
313 829 512 903 vindicantes
531 836 563 891 et
577 829 710 911 praedam
723 829 761 890 ab
775 827 841 890 aliis
858 835 977 911 partam
991 825 1155 908 rapientes,
1179 856 1191 879 ιι

321 935 549 1000 Perorationem
564 943 645 999 certe
658 934 756 1018 magis
768 936 914 999 urbanam
927 941 959 998 et
974 935 1014 998 ad
1029 933 1180 997 sedandos
1196 931 1329 995 allicien-

280 1043 396 1125 dosque
403 1042 520 1105 animos
530 1042 628 1126 magis
637 1042 897 1105 accommodatam
911 1041 1034 1124 reperiri
1048 1039 1184 1123 potuisse
1195 1046 1326 1114 constat,

279 1148 310 1212 in
328 1169 380 1211 eos
400 1149 569 1232 praesertim
590 1148 699 1231 quibus
721 1147 788 1231 ipse
808 1147 898 1231 paulo
920 1129 991 1210 ante
1008 1147 1135 1211 dixisset
1150 1167 1183 1210 se
1198 1146 1274 1210 nihil
1294 1149 1330 1210 de

240 1339 242 1343 Ι
268 1275 384 1345 eorum
394 1255 554 1338 sapientia,
565 1256 689 1330 virtute,
702 1254 836 1317 amicitia
848 1254 998 1318 dubitare.
1009 1255 1057 1318 At
1066 1254 1120 1317 sibi
1130 1274 1199 1318 curn
1209 1253 1330 1318 Caesare

280 1371 433 1426 certamen
455 1363 634 1448 eloquentiae
653 1368 852 1447 proposuerat
867 1385 874 1438 ;
892 1383 1022 1446 cumque
1037 1361 1086 1425 ille
1102 1368 1235 1425 testatus
1250 1369 1330 1426 esset

281 1491 424 1535 ausurum
437 1491 470 1534 se
484 1491 554 1535 cum
566 1493 628 1535 una
641 1472 759 1557 legione
775 1470 921 1534 adversus
932 1471 1079 1534 barbaros
1091 1465 1252 1553 proficisci,
1267 1467 1326 1551 hic,

279 1584 315 1641 ut
333 1578 381 1641 cui
399 1578 478 1642 illius
495 1580 654 1643 audaciam
665 1565 699 1664 et
718 1579 780 1644 vim
793 1578 912 1642 dicendi
927 1578 1048 1644 vincere
1064 1585 1182 1642 certum
1195 1583 1280 1640 esset
1295 1595 1328 1639 ac

281 1685 478 1759 destinatum,
501 1693 626 1749 caeteras
641 1685 699 1748 sibi
712 1685 846 1769 legiones
869 1705 936 1748 esse
950 1683 1147 1748 dimittendas
1163 1689 1194 1746 et
1213 1682 1329 1765 probris

256 1867 264 1883 .
280 1789 473 1855 insectandas
478 1791 637 1876 judicavit.
648 1776 739 1855 Hanc
748 1799 852 1854 autem
862 1774 1021 1854 victoriam
1030 1798 1061 1854 et
1069 1790 1190 1858 laudern
1200 1790 1328 1873 adeptus

282 1904 339 1972 est,
356 1904 391 1959 ut
407 1896 558 1961 Caesarem
572 1919 631 1961 non
644 1899 733 1962 modo
747 1919 804 1961 non
821 1919 994 1981 superasse,
1014 1899 1067 1961 sed
1082 1918 1122 1960 nc
1140 1897 1327 1961 intellexisse

282 2004 405 2088 quidem
419 2004 571 2069 videatur.

327 2147 367 2160 -
379 2111 495 2186 Nimia,
509 2112 606 2195 inquit
615 2112 767 2189 Valerius
785 2111 927 2195 superbia
945 2111 983 2174 de
997 2112 1124 2178 absente
1138 2111 1325 2195 triumphum

282 2219 367 2301 agis;
386 2226 428 2294 et,
444 2219 584 2301 quamvis
597 2239 701 2302 parem
717 2219 809 2281 alium
823 2240 954 2301 quocum
964 2219 1120 2283 Caesarem
1132 2238 1328 2302 componeres

282 2325 438 2389 meliorem
451 2325 578 2389 inveniri
591 2326 726 2411 potuisse
738 2326 923 2400 existimem,
937 2348 995 2390 non
1003 2348 1129 2411 possum
1140 2335 1245 2390 tamen
1258 2324 1327 2410 quin

282 2432 371 2519 hujus
386 2432 482 2516 ipsius
494 2432 697 2497 defensionem
710 2433 885 2516 suscipiam.
898 2433 969 2498 Non
982 2433 1073 2511 enim,
1088 2448 1167 2509 reor,
1182 2434 1327 2517 eloquen·

282 2540 373 2604 tiores
388 2548 420 2604 et
430 2541 471 2604 ad
485 2540 728 2624 persuadendum
738 2541 873 2624 aptiores
885 2561 956 2605 suas
968 2562 1059 2624 quam
1070 2540 1201 2605 Caesaris
1215 2541 1327 2621 oratio·

254 2628 256 2632 ’
281 2666 335 2707 nes
360 2647 481 2729 putavit
495 2647 582 2710 Dio:
608 2649 672 2723 sed,
698 2648 779 2730 quod
805 2648 941 2731 plerique
962 2650 1125 2732 scriptores
1147 2648 1274 2726 faciunt,
1297 2656 1327 2712 et

282 2736 438 2815 historiam
448 2761 480 2818 et
494 2752 524 2816 in
540 2775 576 2816 ea
587 2755 755 2829 conciones,
770 2762 804 2818 ut
818 2754 901 2818 aetati
913 2776 976 2819 suae
989 2757 1124 2839 placeret
1138 2775 1174 2820 ac
1190 2757 1326 2819 medere-

281 2865 341 2934 tur,
366 2861 547 2944 composuit.
571 2860 640 2924 Non
659 2861 751 2945 igitur
764 2863 846 2944 apud
867 2860 1068 2938 Caesarianos,
1087 2843 1112 2926 si
1126 2861 1200 2925 mihi
1212 2862 1322 2938 eredis,

281 2966 336 3030 sed
357 2968 438 3051 apud
458 2968 655 3052 praetorianos
677 2969 824 3051 quosdam
842 2968 955 3033 milites
967 2959 1196 3034 concionantem
1218 2989 1253 3033 se
1268 2969 1324 3033 sibi

280 3072 425 3156 tingebat,
439 3075 543 3158 eisque
554 3075 591 3138 de
603 3075 792 3139 modestiaet
805 3075 993 3141 abstinentia
1008 3097 1043 3140 ac
1054 3077 1091 3139 de
1103 3075 1211 3160 patriae
1224 3096 1326 3140 amore

279 3179 374 3243 dabat
387 3189 540 3264 praecepta
549 3183 659 3265 quibus
674 3203 726 3251 eos
740 3185 860 3268 eguisse
871 3204 931 3247 non
944 3183 1069 3269 negabis
1079 3191 1133 3255 :et
1145 3204 1213 3267 quae
1225 3205 1326 3249 coram

282 3285 381 3348 dicere
395 3286 523 3350 fortasse
535 3309 595 3350 non
607 3309 698 3352 ausus
709 3298 801 3364 esset,
814 3292 870 3353 sub
882 3289 981 3355 aliena
993 3293 1094 3375 specie
1105 3292 1236 3355 clamare
1251 3313 1326 3376 gau-

281 3393 382 3457 debat.
404 3396 479 3474 Quae
492 3395 613 3478 quidem
638 3396 769 3481 suspicio
792 3398 856 3483 ejus
873 3400 1076 3481 eloquentiam
1102 3399 1250 3483 potiorem
1268 3420 1326 3464 non

280 3499 363 3576 facit,
378 3502 462 3565 illum
477 3511 580 3568 autem
592 3502 692 3567 stultae
707 3505 887 3588 arrogantiae
898 3505 1023 3570 crimine
1039 3507 1182 3571 absolvit.

324 3645 369 3656 -
383 3609 441 3673 Cui
455 3610 559 3673 stetim
575 3610 722 3675 Camillus
739 3634 745 3675 :
764 3633 868 3694 parem
883 3613 963 3697 petis
980 3611 1155 3679 meliorem'l
1171 3615 1327 3678 Lucanum

279 3715 371 3800 igitur
382 3737 451 3781 oum
465 3739 501 3780 eo
517 3740 744 3803 componamus,
759 3720 987 3786 celeberrimum
998 3722 1082 3786 illum
1098 3723 1217 3808 Virgilii
1232 3744 1326 3787 aemu-

279 3821 354 3900 lum,
372 3843 462 3907 quem
476 3857 488 3878 ι
503 3827 672 3904 ardentem,
684 3827 882 3911 concitatum,
901 3832 1060 3894 sententiis
1072 3831 1283 3912 clarissimum,
1296 3838 1327 3895 et

284 3957 297 3983 ι
316 3930 412 4014 magis
428 3933 597 3998 oratoribus
613 3955 704 4018 quam
721 3935 820 4019 poetis
835 3938 1096 4002 annumerandum
1108 3938 1159 4026 (1),
1181 3971 1193 3994 ιι
1209 3940 1327 4026 judicat

279 4037 511 4116 Quinctilianus.
534 4041 595 4120 Qui
615 4048 734 4122 tamen,
757 4049 792 4107 ut
812 4044 911 4109 dicam
934 4046 1017 4130 quod
1045 4048 1159 4121 sentio,
1184 4047 1327 4112 audacius

268 4168 371 4231 -quam
382 4139 497 4214 felicius
509 4171 577 4215 cum
589 4149 710 4218 Caesare
728 4151 908 4220 decertavit.
926 4154 1108 4246 ‚orationem
1121 4155 1201 4220 enirn
1213 4155 1254 4220 ad
1268 4155 1327 4220 mi-

313 4369 345 4441 (r)
363 4373 537 4444 Quinctiae.
