<?xml version="1.0" encoding="UTF-8"?>
<!DOCTYPE html PUBLIC "-//W3C//DTD XHTML 1.0 Transitional//EN"
    "http://www.w3.org/TR/xhtml1/DTD/xhtml1-transitional.dtd">
<html xmlns="http://www.w3.org/1999/xhtml" xml:lang="en" lang="en">
 <head>
  <title>
</title>
<meta http-equiv="Content-Type" content="text/html;charset=utf-8" />
  <meta name='ocr-system' content='tesseract 3.04.00' />
  <meta name='ocr-capabilities' content='ocr_page ocr_carea ocr_par ocr_line ocrx_word'/>
</head>
<body>
  <div class='ocr_page' id='page_1' title='image "./decaiijuliicaes00lislgoog_0027.png"; bbox 0 0 2730 4966; ppageno 0'>
   <div class='ocr_carea' id='block_1_1' title="bbox 724 370 898 433">
    <p class='ocr_par' dir='ltr' id='par_1_1' title="bbox 724 370 898 433">
     <span class='ocr_line' id='line_1_1' title="bbox 724 370 898 433; baseline -0.006 -14"><span class='ocrx_word' id='word_1_1' title='bbox 724 370 898 433; x_wconf 76' lang='grc'>..18-</span> 
     </span>
    </p>
   </div>
   <div class='ocr_carea' id='block_1_2' title="bbox 263 511 1351 4461">
    <p class='ocr_par' dir='ltr' id='par_1_2' title="bbox 286 511 1336 915">
     <span class='ocr_line' id='line_1_2' title="bbox 331 511 1335 596; baseline 0.001 -19"><span class='ocrx_word' id='word_1_2' title='bbox 331 514 485 577; x_wconf 89' lang='lat' dir='ltr'><strong>Timorem</strong></span> <span class='ocrx_word' id='word_1_3' title='bbox 499 532 571 596; x_wconf 87' lang='lat' dir='ltr'><strong>ergo</strong></span> <span class='ocrx_word' id='word_1_4' title='bbox 587 531 666 575; x_wconf 87' lang='lat' dir='ltr'><strong>nunc</strong></span> <span class='ocrx_word' id='word_1_5' title='bbox 682 511 812 594; x_wconf 88' lang='lat' dir='ltr'><strong>primurn</strong></span> <span class='ocrx_word' id='word_1_6' title='bbox 828 511 976 592; x_wconf 86' lang='lat' dir='ltr'><strong>nominat,</strong></span> <span class='ocrx_word' id='word_1_7' title='bbox 993 532 1072 576; x_wconf 90' lang='lat' dir='ltr'><strong>nunc</strong></span> <span class='ocrx_word' id='word_1_8' title='bbox 1086 513 1219 595; x_wconf 90' lang='lat' dir='ltr'><strong>primum</strong></span> <span class='ocrx_word' id='word_1_9' title='bbox 1237 515 1335 596; x_wconf 87' lang='lat' dir='ltr'><strong>palam</strong></span> 
     </span>
     <span class='ocr_line' id='line_1_3' title="bbox 287 617 1335 706; baseline -0.001 -20"><span class='ocrx_word' id='word_1_10' title='bbox 287 622 479 706; x_wconf 82' lang='lat' dir='ltr'><strong>aggreditur,</strong></span> <span class='ocrx_word' id='word_1_11' title='bbox 506 624 669 702; x_wconf 82' lang='lat' dir='ltr'>postquam</span> <span class='ocrx_word' id='word_1_12' title='bbox 691 617 791 682; x_wconf 88' lang='lat' dir='ltr'><strong>victus</strong></span> <span class='ocrx_word' id='word_1_13' title='bbox 812 618 915 683; x_wconf 84' lang='lat' dir='ltr'><strong>cessit.</strong></span> <span class='ocrx_word' id='word_1_14' title='bbox 941 619 1033 683; x_wconf 92' lang='lat' dir='ltr'><strong>Nunc</strong></span> <span class='ocrx_word' id='word_1_15' title='bbox 1055 626 1158 684; x_wconf 87' lang='lat' dir='ltr'><strong>autem</strong></span> <span class='ocrx_word' id='word_1_16' title='bbox 1185 622 1289 685; x_wconf 87' lang='lat' dir='ltr'><strong>omnia</strong></span> <span class='ocrx_word' id='word_1_17' title='bbox 1312 623 1335 685; x_wconf 88' lang='lat' dir='ltr'><strong>ei</strong></span> 
     </span>
     <span class='ocr_line' id='line_1_4' title="bbox 286 723 1336 810; baseline 0.002 -20"><span class='ocrx_word' id='word_1_18' title='bbox 286 728 356 790; x_wconf 89' lang='lat' dir='ltr'><strong>vela</strong></span> <span class='ocrx_word' id='word_1_19' title='bbox 378 725 521 801; x_wconf 87' lang='lat' dir='ltr'><strong>detrahit,</strong></span> <span class='ocrx_word' id='word_1_20' title='bbox 547 723 630 788; x_wconf 91' lang='lat' dir='ltr'><strong>nulla</strong></span> <span class='ocrx_word' id='word_1_21' title='bbox 652 723 789 808; x_wconf 81' lang='lat' dir='ltr'><strong>perfugia</strong></span> <span class='ocrx_word' id='word_1_22' title='bbox 803 724 957 808; x_wconf 83' lang='lat' dir='ltr'><strong>relinquit.</strong></span> <span class='ocrx_word' id='word_1_23' title='bbox 975 725 1077 804; x_wconf 73' lang='lat' dir='ltr'><strong>Quam</strong></span> <span class='ocrx_word' id='word_1_24' title='bbox 1093 725 1193 790; x_wconf 89' lang='lat' dir='ltr'><strong>induit</strong></span> <span class='ocrx_word' id='word_1_25' title='bbox 1210 730 1336 810; x_wconf 90' lang='lat' dir='ltr'><strong>pruden-</strong></span> 
     </span>
     <span class='ocr_line' id='line_1_5' title="bbox 287 832 1108 915; baseline 0 -19"><span class='ocrx_word' id='word_1_26' title='bbox 287 834 338 897; x_wconf 84' lang='lat' dir='ltr'><strong>tiae</strong></span> <span class='ocrx_word' id='word_1_27' title='bbox 352 832 496 915; x_wconf 89' lang='lat' dir='ltr'><strong>speciem,</strong></span> <span class='ocrx_word' id='word_1_28' title='bbox 516 852 625 895; x_wconf 90' lang='lat' dir='ltr'><strong>vanam</strong></span> <span class='ocrx_word' id='word_1_29' title='bbox 641 853 708 895; x_wconf 88' lang='lat' dir='ltr'><strong>esse</strong></span> <span class='ocrx_word' id='word_1_30' title='bbox 725 840 757 896; x_wconf 92' lang='lat' dir='ltr'><strong>et</strong></span> <span class='ocrx_word' id='word_1_31' title='bbox 771 833 948 897; x_wconf 86' lang='lat' dir='ltr'><strong>mendacem</strong></span> <span class='ocrx_word' id='word_1_32' title='bbox 963 832 1108 907; x_wconf 86' lang='lat' dir='ltr'><strong>ostendit,</strong></span> 
     </span>
    </p>

    <p class='ocr_par' dir='ltr' id='par_1_3' title="bbox 273 937 1351 1236">
     <span class='ocr_line' id='line_1_6' title="bbox 273 937 1335 1023; baseline -0.002 -19"><span class='ocrx_word' id='word_1_33' title='bbox 273 983 275 986; x_wconf 94' lang='lat'>-</span> <span class='ocrx_word' id='word_1_34' title='bbox 334 970 348 993; x_wconf 75' lang='lat' dir='ltr'><em>u</em></span> <span class='ocrx_word' id='word_1_35' title='bbox 374 939 452 1004; x_wconf 86' lang='lat' dir='ltr'><strong>Haec</strong></span> <span class='ocrx_word' id='word_1_36' title='bbox 466 939 522 1002; x_wconf 90' lang='lat' dir='ltr'><strong>sibi</strong></span> <span class='ocrx_word' id='word_1_37' title='bbox 538 937 916 1003; x_wconf 79' lang='lat' dir='ltr'><strong>essecuraetfrumentum</strong></span> <span class='ocrx_word' id='word_1_38' title='bbox 930 939 1101 1023; x_wconf 82' lang='lat' dir='ltr'>Sequanos,</span> <span class='ocrx_word' id='word_1_39' title='bbox 1118 939 1253 1017; x_wconf 79' lang='lat' dir='ltr'><strong>Leucoe,</strong></span> <span class='ocrx_word' id='word_1_40' title='bbox 1270 941 1335 1004; x_wconf 89' lang='lat' dir='ltr'><strong>Lin-</strong></span> 
     </span>
     <span class='ocr_line' id='line_1_7' title="bbox 290 1045 1351 1130; baseline 0 -20"><span class='ocrx_word' id='word_1_41' title='bbox 290 1077 304 1100; x_wconf 76' lang='lat' dir='ltr'><em>u</em></span> <span class='ocrx_word' id='word_1_42' title='bbox 328 1068 424 1130; x_wconf 86' lang='lat' dir='ltr'><strong>gones</strong></span> <span class='ocrx_word' id='word_1_43' title='bbox 446 1046 690 1120; x_wconf 84' lang='lat' dir='ltr'><strong>subministrare;</strong></span> <span class='ocrx_word' id='word_1_44' title='bbox 711 1045 838 1130; x_wconf 87' lang='lat' dir='ltr'><strong>jamque</strong></span> <span class='ocrx_word' id='word_1_45' title='bbox 859 1066 926 1109; x_wconf 89' lang='lat' dir='ltr'><strong>esse</strong></span> <span class='ocrx_word' id='word_1_46' title='bbox 945 1046 974 1108; x_wconf 89' lang='lat' dir='ltr'><strong>in</strong></span> <span class='ocrx_word' id='word_1_47' title='bbox 997 1046 1078 1129; x_wconf 85' lang='lat' dir='ltr'><strong>agris</strong></span> <span class='ocrx_word' id='word_1_48' title='bbox 1100 1046 1254 1112; x_wconf 89' lang='lat' dir='ltr'><strong>frumenta</strong></span> <span class='ocrx_word' id='word_1_49' title='bbox 1274 1070 1351 1111; x_wconf 49' lang='lat' dir='ltr'><strong>rnna</strong></span> 
     </span>
     <span class='ocr_line' id='line_1_8' title="bbox 291 1151 1056 1236; baseline -0.004 -19"><span class='ocrx_word' id='word_1_50' title='bbox 291 1184 304 1208; x_wconf 70' lang='lat' dir='ltr'><em>u</em></span> <span class='ocrx_word' id='word_1_51' title='bbox 331 1162 417 1229; x_wconf 85' lang='lat' dir='ltr'><strong>tura;</strong></span> <span class='ocrx_word' id='word_1_52' title='bbox 437 1154 476 1219; x_wconf 84' lang='lat' dir='ltr'><strong>de</strong></span> <span class='ocrx_word' id='word_1_53' title='bbox 489 1153 608 1228; x_wconf 89' lang='lat' dir='ltr'><strong>itinere,</strong></span> <span class='ocrx_word' id='word_1_54' title='bbox 625 1153 707 1236; x_wconf 88' lang='lat' dir='ltr'><strong>ipsos</strong></span> <span class='ocrx_word' id='word_1_55' title='bbox 720 1152 806 1216; x_wconf 88' lang='lat' dir='ltr'><strong>brevi</strong></span> <span class='ocrx_word' id='word_1_56' title='bbox 818 1151 1018 1235; x_wconf 87' lang='lat' dir='ltr'><strong>judicaturos.</strong></span> <span class='ocrx_word' id='word_1_57' title='bbox 1045 1185 1056 1206; x_wconf 70' lang='grc' dir='ltr'><strong>ι</strong></span> 
     </span>
    </p>

    <p class='ocr_par' dir='ltr' id='par_1_4' title="bbox 284 1258 1334 1881">
     <span class='ocr_line' id='line_1_9' title="bbox 330 1258 1334 1344; baseline 0.001 -19"><span class='ocrx_word' id='word_1_58' title='bbox 330 1261 424 1325; x_wconf 89' lang='lat' dir='ltr'><strong>Nulla</strong></span> <span class='ocrx_word' id='word_1_59' title='bbox 445 1260 597 1344; x_wconf 85' lang='lat' dir='ltr'><strong>igiturne</strong></span> <span class='ocrx_word' id='word_1_60' title='bbox 620 1261 691 1324; x_wconf 84' lang='lat' dir='ltr'><strong>licta</strong></span> <span class='ocrx_word' id='word_1_61' title='bbox 712 1258 836 1343; x_wconf 88' lang='lat' dir='ltr'><strong>quidem</strong></span> <span class='ocrx_word' id='word_1_62' title='bbox 857 1266 910 1324; x_wconf 92' lang='lat' dir='ltr'><strong>aut</strong></span> <span class='ocrx_word' id='word_1_63' title='bbox 932 1259 1074 1324; x_wconf 87' lang='lat' dir='ltr'><strong>simulata</strong></span> <span class='ocrx_word' id='word_1_64' title='bbox 1096 1260 1226 1325; x_wconf 88' lang='lat' dir='ltr'><strong>timendi</strong></span> <span class='ocrx_word' id='word_1_65' title='bbox 1248 1283 1334 1326; x_wconf 85' lang='lat' dir='ltr'><strong>causa</strong></span> 
     </span>
     <span class='ocr_line' id='line_1_10' title="bbox 285 1365 1334 1451; baseline 0.001 -20"><span class='ocrx_word' id='word_1_66' title='bbox 285 1389 408 1432; x_wconf 86' lang='lat' dir='ltr'><strong>monere</strong></span> <span class='ocrx_word' id='word_1_67' title='bbox 430 1373 535 1451; x_wconf 88' lang='lat' dir='ltr'><strong>potest</strong></span> <span class='ocrx_word' id='word_1_68' title='bbox 547 1389 554 1441; x_wconf 92' lang='lat'>;</span> <span class='ocrx_word' id='word_1_69' title='bbox 579 1366 662 1431; x_wconf 86' lang='lat' dir='ltr'><strong>nulla</strong></span> <span class='ocrx_word' id='word_1_70' title='bbox 685 1365 874 1430; x_wconf 82' lang='lat' dir='ltr'><strong>detrectandi</strong></span> <span class='ocrx_word' id='word_1_71' title='bbox 896 1365 1015 1449; x_wconf 89' lang='lat' dir='ltr'><strong>imperii</strong></span> <span class='ocrx_word' id='word_1_72' title='bbox 1039 1367 1218 1443; x_wconf 75' lang='lat' dir='ltr'><strong>exclusatio;</strong></span> <span class='ocrx_word' id='word_1_73' title='bbox 1247 1370 1334 1434; x_wconf 88' lang='lat' dir='ltr'><strong>erecti</strong></span> 
     </span>
     <span class='ocr_line' id='line_1_11' title="bbox 284 1472 1332 1558; baseline 0.001 -20"><span class='ocrx_word' id='word_1_74' title='bbox 284 1474 417 1558; x_wconf 88' lang='lat' dir='ltr'><strong>denique</strong></span> <span class='ocrx_word' id='word_1_75' title='bbox 435 1474 567 1557; x_wconf 91' lang='lat' dir='ltr'><strong>elatique</strong></span> <span class='ocrx_word' id='word_1_76' title='bbox 590 1481 660 1538; x_wconf 91' lang='lat' dir='ltr'><strong>sunt</strong></span> <span class='ocrx_word' id='word_1_77' title='bbox 679 1472 812 1536; x_wconf 90' lang='lat' dir='ltr'><strong>omnium</strong></span> <span class='ocrx_word' id='word_1_78' title='bbox 837 1472 929 1536; x_wconf 87' lang='lat' dir='ltr'><strong>animi</strong></span> <span class='ocrx_word' id='word_1_79' title='bbox 946 1479 976 1537; x_wconf 91' lang='lat' dir='ltr'><strong>et</strong></span> <span class='ocrx_word' id='word_1_80' title='bbox 998 1495 1119 1538; x_wconf 90' lang='lat' dir='ltr'><strong>suarum</strong></span> <span class='ocrx_word' id='word_1_81' title='bbox 1139 1474 1332 1539; x_wconf 90' lang='lat' dir='ltr'><strong>victoriarum</strong></span> 
     </span>
     <span class='ocr_line' id='line_1_12' title="bbox 284 1580 1330 1666; baseline -0.001 -20"><span class='ocrx_word' id='word_1_82' title='bbox 284 1581 447 1659; x_wconf 87' lang='lat' dir='ltr'><strong>memoria,</strong></span> <span class='ocrx_word' id='word_1_83' title='bbox 479 1592 511 1645; x_wconf 90' lang='lat' dir='ltr'><strong>et</strong></span> <span class='ocrx_word' id='word_1_84' title='bbox 537 1582 685 1645; x_wconf 83' lang='lat' dir='ltr'><strong>Romanae</strong></span> <span class='ocrx_word' id='word_1_85' title='bbox 710 1580 896 1645; x_wconf 86' lang='lat' dir='ltr'><strong>fortitudinis</strong></span> <span class='ocrx_word' id='word_1_86' title='bbox 920 1602 957 1645; x_wconf 88' lang='lat' dir='ltr'><strong>ao</strong></span> <span class='ocrx_word' id='word_1_87' title='bbox 988 1581 1153 1666; x_wconf 84' lang='lat' dir='ltr'><strong>disciplinae</strong></span> <span class='ocrx_word' id='word_1_88' title='bbox 1181 1583 1330 1647; x_wconf 86' lang='lat' dir='ltr'><strong>laudibus.</strong></span> 
     </span>
     <span class='ocr_line' id='line_1_13' title="bbox 284 1689 1330 1774; baseline -0.005 -15"><span class='ocrx_word' id='word_1_89' title='bbox 284 1690 346 1759; x_wconf 89' lang='lat' dir='ltr'><strong>Via</strong></span> <span class='ocrx_word' id='word_1_90' title='bbox 365 1691 488 1756; x_wconf 85' lang='lat' dir='ltr'><strong>tandem</strong></span> <span class='ocrx_word' id='word_1_91' title='bbox 511 1689 676 1773; x_wconf 82' lang='lat' dir='ltr'><strong>patefacto,</strong></span> <span class='ocrx_word' id='word_1_92' title='bbox 696 1691 735 1753; x_wconf 89' lang='lat' dir='ltr'><strong>ad</strong></span> <span class='ocrx_word' id='word_1_93' title='bbox 756 1690 786 1753; x_wconf 88' lang='lat' dir='ltr'><strong>id</strong></span> <span class='ocrx_word' id='word_1_94' title='bbox 805 1689 889 1754; x_wconf 91' lang='lat' dir='ltr'><strong>venit</strong></span> <span class='ocrx_word' id='word_1_95' title='bbox 907 1690 988 1774; x_wconf 91' lang='lat' dir='ltr'><strong>quod</strong></span> <span class='ocrx_word' id='word_1_96' title='bbox 1003 1689 1215 1774; x_wconf 84' lang='lat' dir='ltr'><strong>gravissimum</strong></span> <span class='ocrx_word' id='word_1_97' title='bbox 1232 1713 1330 1756; x_wconf 91' lang='lat' dir='ltr'><strong>eorum</strong></span> 
     </span>
     <span class='ocr_line' id='line_1_14' title="bbox 284 1795 943 1881; baseline -0.003 -19"><span class='ocrx_word' id='word_1_98' title='bbox 284 1797 504 1881; x_wconf 83' lang='lat' dir='ltr'><strong>desperationis</strong></span> <span class='ocrx_word' id='word_1_99' title='bbox 519 1807 551 1860; x_wconf 88' lang='lat' dir='ltr'><strong>et</strong></span> <span class='ocrx_word' id='word_1_100' title='bbox 565 1797 706 1861; x_wconf 81' lang='lat' dir='ltr'><strong>amentiae</strong></span> <span class='ocrx_word' id='word_1_101' title='bbox 719 1795 862 1860; x_wconf 89' lang='lat' dir='ltr'><strong>indicium</strong></span> <span class='ocrx_word' id='word_1_102' title='bbox 875 1796 943 1860; x_wconf 91' lang='lat' dir='ltr'><strong>fuit.</strong></span> 
     </span>
    </p>

    <p class='ocr_par' dir='ltr' id='par_1_5' title="bbox 283 1901 1331 2961">
     <span class='ocr_line' id='line_1_15' title="bbox 331 1901 1330 1986; baseline 0.003 -19"><span class='ocrx_word' id='word_1_103' title='bbox 331 1934 345 1956; x_wconf 77' lang='lat' dir='ltr'><em>u</em></span> <span class='ocrx_word' id='word_1_104' title='bbox 373 1904 463 1983; x_wconf 82' lang='lat' dir='ltr'><strong>Quod</strong></span> <span class='ocrx_word' id='word_1_105' title='bbox 475 1924 536 1967; x_wconf 89' lang='lat' dir='ltr'><strong>non</strong></span> <span class='ocrx_word' id='word_1_106' title='bbox 552 1901 617 1967; x_wconf 88' lang='lat' dir='ltr'><strong>fore</strong></span> <span class='ocrx_word' id='word_1_107' title='bbox 632 1903 713 1977; x_wconf 87' lang='lat' dir='ltr'><strong>dicto</strong></span> <span class='ocrx_word' id='word_1_108' title='bbox 728 1903 896 1977; x_wconf 89' lang='lat' dir='ltr'><strong>audientes,</strong></span> <span class='ocrx_word' id='word_1_109' title='bbox 913 1923 1011 1985; x_wconf 92' lang='lat' dir='ltr'><strong>neque</strong></span> <span class='ocrx_word' id='word_1_110' title='bbox 1023 1903 1111 1986; x_wconf 82' lang='lat' dir='ltr'><strong>signa</strong></span> <span class='ocrx_word' id='word_1_111' title='bbox 1124 1905 1216 1969; x_wconf 85' lang='lat' dir='ltr'><strong>laturi</strong></span> <span class='ocrx_word' id='word_1_112' title='bbox 1232 1906 1330 1970; x_wconf 83' lang='lat' dir='ltr'><strong>dican-</strong></span> 
     </span>
     <span class='ocr_line' id='line_1_16' title="bbox 288 2009 1331 2096; baseline 0.002 -22"><span class='ocrx_word' id='word_1_113' title='bbox 288 2041 300 2064; x_wconf 84' lang='lat' dir='ltr'><strong>u</strong></span> <span class='ocrx_word' id='word_1_114' title='bbox 328 2019 388 2087; x_wconf 90' lang='lat' dir='ltr'><strong>tur,</strong></span> <span class='ocrx_word' id='word_1_115' title='bbox 413 2010 487 2074; x_wconf 91' lang='lat' dir='ltr'><strong>nihil</strong></span> <span class='ocrx_word' id='word_1_116' title='bbox 507 2031 541 2075; x_wconf 87' lang='lat' dir='ltr'><strong>se</strong></span> <span class='ocrx_word' id='word_1_117' title='bbox 563 2031 600 2075; x_wconf 89' lang='lat' dir='ltr'><strong>ea</strong></span> <span class='ocrx_word' id='word_1_118' title='bbox 619 2031 651 2073; x_wconf 93' lang='lat' dir='ltr'><strong>re</strong></span> <span class='ocrx_word' id='word_1_119' title='bbox 670 2009 874 2074; x_wconf 84' lang='lat' dir='ltr'><strong>commoveri:</strong></span> <span class='ocrx_word' id='word_1_120' title='bbox 892 2010 970 2074; x_wconf 86' lang='lat' dir='ltr'><strong>scire</strong></span> <span class='ocrx_word' id='word_1_121' title='bbox 990 2010 1082 2086; x_wconf 85' lang='lat' dir='ltr'><strong>enim,</strong></span> <span class='ocrx_word' id='word_1_122' title='bbox 1108 2013 1331 2096; x_wconf 85' lang='lat' dir='ltr'><strong>quibuscunque</strong></span> 
     </span>
     <span class='ocr_line' id='line_1_17' title="bbox 287 2116 1330 2203; baseline 0.001 -21"><span class='ocrx_word' id='word_1_123' title='bbox 287 2148 300 2171; x_wconf 81' lang='lat' dir='ltr'><em>u</em></span> <span class='ocrx_word' id='word_1_124' title='bbox 327 2119 478 2183; x_wconf 85' lang='lat' dir='ltr'><strong>exercitus</strong></span> <span class='ocrx_word' id='word_1_125' title='bbox 492 2119 574 2184; x_wconf 85' lang='lat' dir='ltr'><strong>dioto</strong></span> <span class='ocrx_word' id='word_1_126' title='bbox 589 2118 717 2182; x_wconf 87' lang='lat' dir='ltr'><strong>audiens</strong></span> <span class='ocrx_word' id='word_1_127' title='bbox 732 2139 791 2181; x_wconf 94' lang='lat' dir='ltr'><strong>non</strong></span> <span class='ocrx_word' id='word_1_128' title='bbox 805 2116 906 2188; x_wconf 83' lang='lat' dir='ltr'><strong>luerit.</strong></span> <span class='ocrx_word' id='word_1_129' title='bbox 926 2123 980 2182; x_wconf 88' lang='lat' dir='ltr'><strong>aut</strong></span> <span class='ocrx_word' id='word_1_130' title='bbox 995 2117 1075 2181; x_wconf 86' lang='lat' dir='ltr'><strong>male</strong></span> <span class='ocrx_word' id='word_1_131' title='bbox 1089 2139 1121 2181; x_wconf 92' lang='lat' dir='ltr'><strong>re</strong></span> <span class='ocrx_word' id='word_1_132' title='bbox 1136 2126 1225 2203; x_wconf 83' lang='lat' dir='ltr'><strong>gesta</strong></span> <span class='ocrx_word' id='word_1_133' title='bbox 1238 2119 1330 2185; x_wconf 84' lang='lat' dir='ltr'><strong>fortu-</strong></span> 
     </span>
     <span class='ocr_line' id='line_1_18' title="bbox 285 2207 1330 2307; baseline 0.004 -21"><span class='ocrx_word' id='word_1_134' title='bbox 285 2252 300 2277; x_wconf 76' lang='grc' dir='ltr'><strong>ιι</strong></span> <span class='ocrx_word' id='word_1_135' title='bbox 327 2245 398 2288; x_wconf 89' lang='lat' dir='ltr'><strong>nam</strong></span> <span class='ocrx_word' id='word_1_136' title='bbox 414 2223 557 2298; x_wconf 86' lang='lat' dir='ltr'><strong>defuisse,</strong></span> <span class='ocrx_word' id='word_1_137' title='bbox 576 2231 630 2287; x_wconf 86' lang='lat' dir='ltr'><strong>aut</strong></span> <span class='ocrx_word' id='word_1_138' title='bbox 645 2224 748 2307; x_wconf 89' lang='lat' dir='ltr'><strong>aliquo</strong></span> <span class='ocrx_word' id='word_1_139' title='bbox 762 2207 896 2288; x_wconf 86' lang='lat' dir='ltr'><strong>facinore</strong></span> <span class='ocrx_word' id='word_1_140' title='bbox 913 2232 1069 2307; x_wconf 91' lang='lat' dir='ltr'><strong>comperto</strong></span> <span class='ocrx_word' id='word_1_141' title='bbox 1086 2226 1248 2290; x_wconf 88' lang='lat' dir='ltr'><strong>avaritiam</strong></span> <span class='ocrx_word' id='word_1_142' title='bbox 1268 2249 1330 2292; x_wconf 86' lang='lat' dir='ltr'><strong>esse</strong></span> 
     </span>
     <span class='ocr_line' id='line_1_19' title="bbox 286 2328 1327 2418; baseline 0.003 -23"><span class='ocrx_word' id='word_1_143' title='bbox 286 2361 299 2386; x_wconf 80' lang='lat' dir='ltr'><strong>u</strong></span> <span class='ocrx_word' id='word_1_144' title='bbox 325 2332 518 2418; x_wconf 80' lang='lat' dir='ltr'><strong>conjunctam</strong></span> <span class='ocrx_word' id='word_1_145' title='bbox 529 2351 537 2396; x_wconf 74' lang='grc' dir='ltr'><strong><em>ε</em></strong></span> <span class='ocrx_word' id='word_1_146' title='bbox 550 2350 636 2394; x_wconf 89' lang='lat' dir='ltr'><strong>suam</strong></span> <span class='ocrx_word' id='word_1_147' title='bbox 648 2328 865 2414; x_wconf 82' lang='lat' dir='ltr'><strong>innocentiam,</strong></span> <span class='ocrx_word' id='word_1_148' title='bbox 879 2337 1026 2414; x_wconf 85' lang='lat' dir='ltr'><strong>perpetuo</strong></span> <span class='ocrx_word' id='word_1_149' title='bbox 1040 2331 1121 2406; x_wconf 86' lang='lat' dir='ltr'><strong>vito;</strong></span> <span class='ocrx_word' id='word_1_150' title='bbox 1141 2331 1327 2410; x_wconf 85' lang='lat' dir='ltr'><strong>felicitatem,</strong></span> 
     </span>
     <span class='ocr_line' id='line_1_20' title="bbox 285 2437 1329 2524; baseline 0.01 -27"><span class='ocrx_word' id='word_1_151' title='bbox 285 2470 299 2497; x_wconf 65' lang='lat' dir='ltr'><strong>r</strong></span> <span class='ocrx_word' id='word_1_152' title='bbox 325 2439 540 2505; x_wconf 87' lang='lat' dir='ltr'><strong>Helvetiorum</strong></span> <span class='ocrx_word' id='word_1_153' title='bbox 562 2439 640 2503; x_wconf 92' lang='lat' dir='ltr'><strong>bello</strong></span> <span class='ocrx_word' id='word_1_154' title='bbox 664 2458 731 2503; x_wconf 87' lang='lat' dir='ltr'><strong>esse</strong></span> <span class='ocrx_word' id='word_1_155' title='bbox 754 2444 956 2521; x_wconf 86' lang='lat' dir='ltr'><strong>perspectam.</strong></span> <span class='ocrx_word' id='word_1_156' title='bbox 982 2437 1091 2523; x_wconf 84' lang='lat' dir='ltr'><strong>Itaque</strong></span> <span class='ocrx_word' id='word_1_157' title='bbox 1114 2460 1167 2516; x_wconf 88' lang='lat' dir='ltr'><strong>se,</strong></span> <span class='ocrx_word' id='word_1_158' title='bbox 1183 2444 1278 2524; x_wconf 54' lang='lat' dir='ltr'><strong>*qnod</strong></span> <span class='ocrx_word' id='word_1_159' title='bbox 1302 2443 1329 2506; x_wconf 93' lang='lat' dir='ltr'><strong>in</strong></span> 
     </span>
     <span class='ocr_line' id='line_1_21' title="bbox 284 2538 1330 2630; baseline 0.004 -20"><span class='ocrx_word' id='word_1_160' title='bbox 284 2578 297 2603; x_wconf 75' lang='grc' dir='ltr'>ι</span> <span class='ocrx_word' id='word_1_161' title='bbox 325 2547 491 2630; x_wconf 82' lang='lat' dir='ltr'><strong>longiorem</strong></span> <span class='ocrx_word' id='word_1_162' title='bbox 525 2546 604 2608; x_wconf 90' lang='lat' dir='ltr'><strong>diem</strong></span> <span class='ocrx_word' id='word_1_163' title='bbox 635 2544 799 2610; x_wconf 88' lang='lat' dir='ltr'><strong>collaturus</strong></span> <span class='ocrx_word' id='word_1_164' title='bbox 830 2553 930 2620; x_wconf 89' lang='lat' dir='ltr'><strong>esset,</strong></span> <span class='ocrx_word' id='word_1_165' title='bbox 966 2538 1267 2630; x_wconf 63' lang='lat' dir='ltr'><strong>repraesentaturum</strong></span> <span class='ocrx_word' id='word_1_166' title='bbox 1301 2559 1330 2614; x_wconf 89' lang='lat' dir='ltr'><strong>et</strong></span> 
     </span>
     <span class='ocr_line' id='line_1_22' title="bbox 284 2650 1328 2740; baseline 0.014 -34"><span class='ocrx_word' id='word_1_167' title='bbox 284 2681 297 2706; x_wconf 72' lang='lat' dir='ltr'><em>u</em></span> <span class='ocrx_word' id='word_1_168' title='bbox 323 2651 464 2735; x_wconf 87' lang='lat' dir='ltr'><strong>proximo</strong></span> <span class='ocrx_word' id='word_1_169' title='bbox 479 2658 568 2716; x_wconf 88' lang='lat' dir='ltr'><strong>nocte</strong></span> <span class='ocrx_word' id='word_1_170' title='bbox 582 2651 620 2712; x_wconf 91' lang='lat' dir='ltr'><strong>de</strong></span> <span class='ocrx_word' id='word_1_171' title='bbox 637 2658 747 2735; x_wconf 88' lang='lat' dir='ltr'><strong>quarta</strong></span> <span class='ocrx_word' id='word_1_172' title='bbox 761 2650 865 2734; x_wconf 83' lang='lat' dir='ltr'><strong>vigilia</strong></span> <span class='ocrx_word' id='word_1_173' title='bbox 879 2660 981 2717; x_wconf 87' lang='lat' dir='ltr'><strong>castra</strong></span> <span class='ocrx_word' id='word_1_174' title='bbox 997 2661 1162 2730; x_wconf 90' lang='lat' dir='ltr'><strong>moturum,</strong></span> <span class='ocrx_word' id='word_1_175' title='bbox 1189 2663 1223 2721; x_wconf 95' lang='lat' dir='ltr'><strong>ut</strong></span> <span class='ocrx_word' id='word_1_176' title='bbox 1238 2678 1328 2740; x_wconf 85' lang='lat' dir='ltr'><strong>quarn</strong></span> 
     </span>
     <span class='ocr_line' id='line_1_23' title="bbox 284 2757 1329 2854; baseline 0.008 -34"><span class='ocrx_word' id='word_1_177' title='bbox 284 2788 297 2812; x_wconf 80' lang='lat' dir='ltr'><strong>u</strong></span> <span class='ocrx_word' id='word_1_178' title='bbox 324 2757 455 2842; x_wconf 88' lang='lat' dir='ltr'><strong>primum</strong></span> <span class='ocrx_word' id='word_1_179' title='bbox 477 2757 645 2841; x_wconf 86' lang='lat' dir='ltr'><strong>intelligere</strong></span> <span class='ocrx_word' id='word_1_180' title='bbox 667 2763 791 2839; x_wconf 80' lang='lat' dir='ltr'><strong>posset,</strong></span> <span class='ocrx_word' id='word_1_181' title='bbox 817 2764 917 2823; x_wconf 86' lang='lat' dir='ltr'><strong>utrum</strong></span> <span class='ocrx_word' id='word_1_182' title='bbox 942 2762 1023 2854; x_wconf 90' lang='lat' dir='ltr'><strong>apud</strong></span> <span class='ocrx_word' id='word_1_183' title='bbox 1045 2783 1098 2825; x_wconf 88' lang='lat' dir='ltr'><strong>eos</strong></span> <span class='ocrx_word' id='word_1_184' title='bbox 1119 2762 1217 2845; x_wconf 88' lang='lat' dir='ltr'><strong>pudor</strong></span> <span class='ocrx_word' id='word_1_185' title='bbox 1238 2771 1329 2848; x_wconf 87' lang='lat' dir='ltr'><strong>atque</strong></span> 
     </span>
     <span class='ocr_line' id='line_1_24' title="bbox 283 2863 904 2961; baseline -0.003 -31"><span class='ocrx_word' id='word_1_186' title='bbox 283 2897 297 2922; x_wconf 80' lang='lat' dir='ltr'><em>u</em></span> <span class='ocrx_word' id='word_1_187' title='bbox 324 2864 468 2961; x_wconf 77' lang='lat' dir='ltr'><strong>officium,</strong></span> <span class='ocrx_word' id='word_1_188' title='bbox 487 2885 525 2927; x_wconf 86' lang='lat' dir='ltr'><strong>nn</strong></span> <span class='ocrx_word' id='word_1_189' title='bbox 541 2863 632 2927; x_wconf 90' lang='lat' dir='ltr'><strong>timor</strong></span> <span class='ocrx_word' id='word_1_190' title='bbox 647 2863 716 2947; x_wconf 88' lang='lat' dir='ltr'><strong>plus</strong></span> <span class='ocrx_word' id='word_1_191' title='bbox 738 2865 865 2928; x_wconf 87' lang='lat' dir='ltr'><strong>voleret.</strong></span> <span class='ocrx_word' id='word_1_192' title='bbox 892 2898 904 2920; x_wconf 74' lang='grc' dir='ltr'><strong>ιι</strong></span> 
     </span>
    </p>

    <p class='ocr_par' dir='ltr' id='par_1_6' title="bbox 263 2971 1350 4461">
     <span class='ocr_line' id='line_1_25' title="bbox 322 2971 1350 3067; baseline 0.004 -26"><span class='ocrx_word' id='word_1_193' title='bbox 322 2974 434 3041; x_wconf 90' lang='lat' dir='ltr'><strong>Nonne</strong></span> <span class='ocrx_word' id='word_1_194' title='bbox 456 2971 505 3036; x_wconf 87' lang='lat' dir='ltr'><strong>hio</strong></span> <span class='ocrx_word' id='word_1_195' title='bbox 523 2972 766 3036; x_wconf 83' lang='lat' dir='ltr'><strong>animadvertitis</strong></span> <span class='ocrx_word' id='word_1_196' title='bbox 783 2993 843 3037; x_wconf 94' lang='lat' dir='ltr'><strong>non</strong></span> <span class='ocrx_word' id='word_1_197' title='bbox 867 2974 1007 3039; x_wconf 91' lang='lat' dir='ltr'><strong>eumdem</strong></span> <span class='ocrx_word' id='word_1_198' title='bbox 1029 2976 1174 3040; x_wconf 88' lang='lat' dir='ltr'><strong>orationis</strong></span> <span class='ocrx_word' id='word_1_199' title='bbox 1194 2990 1350 3067; x_wconf 65' lang='lat' dir='ltr'><strong>tenorem,</strong></span> 
     </span>
     <span class='ocr_line' id='line_1_26' title="bbox 278 3077 1331 3166; baseline 0.001 -18"><span class='ocrx_word' id='word_1_200' title='bbox 278 3079 446 3163; x_wconf 84' lang='lat' dir='ltr'><strong>fletumque</strong></span> <span class='ocrx_word' id='word_1_201' title='bbox 460 3077 588 3157; x_wconf 85' lang='lat' dir='ltr'><strong>servari,</strong></span> <span class='ocrx_word' id='word_1_202' title='bbox 611 3077 710 3142; x_wconf 85' lang='lat' dir='ltr'><strong>lenius</strong></span> <span class='ocrx_word' id='word_1_203' title='bbox 724 3099 802 3142; x_wconf 91' lang='lat' dir='ltr'><strong>nunc</strong></span> <span class='ocrx_word' id='word_1_204' title='bbox 822 3078 871 3162; x_wconf 81' lang='lat' dir='ltr'><strong>agi</strong></span> <span class='ocrx_word' id='word_1_205' title='bbox 892 3099 926 3142; x_wconf 91' lang='lat' dir='ltr'><strong>ao</strong></span> <span class='ocrx_word' id='word_1_206' title='bbox 948 3079 1089 3155; x_wconf 88' lang='lat' dir='ltr'><strong>mollius;</strong></span> <span class='ocrx_word' id='word_1_207' title='bbox 1113 3087 1218 3166; x_wconf 86' lang='lat' dir='ltr'><strong>atqua,</strong></span> <span class='ocrx_word' id='word_1_208' title='bbox 1241 3092 1275 3150; x_wconf 91' lang='lat' dir='ltr'><strong>ut</strong></span> <span class='ocrx_word' id='word_1_209' title='bbox 1288 3085 1331 3149; x_wconf 88' lang='lat' dir='ltr'><strong>ita</strong></span> 
     </span>
     <span class='ocr_line' id='line_1_27' title="bbox 277 3184 1331 3273; baseline 0.003 -22"><span class='ocrx_word' id='word_1_210' title='bbox 277 3187 394 3265; x_wconf 85' lang='lat' dir='ltr'><strong>dicam,</strong></span> <span class='ocrx_word' id='word_1_211' title='bbox 420 3204 526 3248; x_wconf 87' lang='lat' dir='ltr'><strong>vocem</strong></span> <span class='ocrx_word' id='word_1_212' title='bbox 550 3191 728 3267; x_wconf 88' lang='lat' dir='ltr'><strong>motumque</strong></span> <span class='ocrx_word' id='word_1_213' title='bbox 751 3205 787 3249; x_wconf 88' lang='lat' dir='ltr'><strong>ao</strong></span> <span class='ocrx_word' id='word_1_214' title='bbox 811 3184 953 3269; x_wconf 84' lang='lat' dir='ltr'><strong>spiritum</strong></span> <span class='ocrx_word' id='word_1_215' title='bbox 977 3186 1114 3252; x_wconf 87' lang='lat' dir='ltr'><strong>remittit</strong></span> <span class='ocrx_word' id='word_1_216' title='bbox 1141 3189 1274 3273; x_wconf 82' lang='lat' dir='ltr'><strong>Neque,</strong></span> <span class='ocrx_word' id='word_1_217' title='bbox 1300 3193 1331 3254; x_wconf 92' lang='lat' dir='ltr'><strong>ni</strong></span> 
     </span>
     <span class='ocr_line' id='line_1_28' title="bbox 263 3287 1329 3366; baseline 0.006 -11"><span class='ocrx_word' id='word_1_218' title='bbox 263 3291 375 3366; x_wconf 64' lang='lat' dir='ltr'><strong>tollor,</strong></span> <span class='ocrx_word' id='word_1_219' title='bbox 394 3287 558 3351; x_wconf 88' lang='lat' dir='ltr'><strong>immerito.</strong></span> <span class='ocrx_word' id='word_1_220' title='bbox 577 3287 714 3352; x_wconf 91' lang='lat' dir='ltr'><strong>Primum</strong></span> <span class='ocrx_word' id='word_1_221' title='bbox 731 3288 811 3351; x_wconf 89' lang='lat' dir='ltr'><strong>enim</strong></span> <span class='ocrx_word' id='word_1_222' title='bbox 828 3288 1020 3354; x_wconf 83' lang='lat' dir='ltr'><strong>efferentibus</strong></span> <span class='ocrx_word' id='word_1_223' title='bbox 1036 3313 1104 3358; x_wconf 85' lang='lat' dir='ltr'><strong>sese</strong></span> <span class='ocrx_word' id='word_1_224' title='bbox 1118 3315 1153 3359; x_wconf 86' lang='lat' dir='ltr'><strong>ac</strong></span> <span class='ocrx_word' id='word_1_225' title='bbox 1168 3295 1329 3361; x_wconf 87' lang='lat' dir='ltr'><strong>lascivien-</strong></span> 
     </span>
     <span class='ocr_line' id='line_1_29' title="bbox 276 3394 1330 3479; baseline 0.004 -15"><span class='ocrx_word' id='word_1_226' title='bbox 276 3398 359 3465; x_wconf 91' lang='lat' dir='ltr'><strong>tibus</strong></span> <span class='ocrx_word' id='word_1_227' title='bbox 372 3395 531 3479; x_wconf 88' lang='lat' dir='ltr'><strong>militibus,</strong></span> <span class='ocrx_word' id='word_1_228' title='bbox 549 3401 581 3459; x_wconf 91' lang='lat' dir='ltr'><strong>et</strong></span> <span class='ocrx_word' id='word_1_229' title='bbox 592 3395 699 3458; x_wconf 81' lang='lat' dir='ltr'><strong>&lt;lucem</strong></span> <span class='ocrx_word' id='word_1_230' title='bbox 714 3401 746 3458; x_wconf 90' lang='lat' dir='ltr'><strong>et</strong></span> <span class='ocrx_word' id='word_1_231' title='bbox 760 3394 974 3478; x_wconf 82' lang='lat' dir='ltr'><strong>imperatorem</strong></span> <span class='ocrx_word' id='word_1_232' title='bbox 991 3400 1150 3464; x_wconf 89' lang='lat' dir='ltr'><strong>ostendere</strong></span> <span class='ocrx_word' id='word_1_233' title='bbox 1164 3403 1281 3479; x_wconf 86' lang='lat' dir='ltr'><strong>debuit,</strong></span> <span class='ocrx_word' id='word_1_234' title='bbox 1299 3412 1330 3468; x_wconf 92' lang='lat' dir='ltr'><strong>et</strong></span> 
     </span>
     <span class='ocr_line' id='line_1_30' title="bbox 276 3502 1329 3597; baseline 0.003 -25"><span class='ocrx_word' id='word_1_235' title='bbox 276 3528 330 3572; x_wconf 90' lang='lat' dir='ltr'><strong>eos</strong></span> <span class='ocrx_word' id='word_1_236' title='bbox 347 3505 543 3571; x_wconf 89' lang='lat' dir='ltr'><strong>vehementer</strong></span> <span class='ocrx_word' id='word_1_237' title='bbox 560 3502 724 3566; x_wconf 86' lang='lat' dir='ltr'><strong>incusando</strong></span> <span class='ocrx_word' id='word_1_238' title='bbox 745 3523 872 3565; x_wconf 85' lang='lat' dir='ltr'><strong>exorsus</strong></span> <span class='ocrx_word' id='word_1_239' title='bbox 891 3505 1036 3569; x_wconf 89' lang='lat' dir='ltr'><strong>ostendit.</strong></span> <span class='ocrx_word' id='word_1_240' title='bbox 1060 3508 1107 3571; x_wconf 87' lang='lat' dir='ltr'><strong>Ut</strong></span> <span class='ocrx_word' id='word_1_241' title='bbox 1127 3517 1231 3597; x_wconf 77' lang='lat' dir='ltr'><strong>autern</strong></span> <span class='ocrx_word' id='word_1_242' title='bbox 1256 3511 1329 3575; x_wconf 88' lang='lat' dir='ltr'><strong>nihil</strong></span> 
     </span>
     <span class='ocr_line' id='line_1_31' title="bbox 276 3609 1330 3691; baseline 0.004 -12"><span class='ocrx_word' id='word_1_243' title='bbox 276 3614 334 3679; x_wconf 90' lang='lat' dir='ltr'><strong>bac</strong></span> <span class='ocrx_word' id='word_1_244' title='bbox 347 3609 520 3678; x_wconf 87' lang='lat' dir='ltr'><strong>severitatis</strong></span> <span class='ocrx_word' id='word_1_245' title='bbox 532 3609 737 3691; x_wconf 59' lang='lat' dir='ltr'><strong>ostentatione</strong></span> <span class='ocrx_word' id='word_1_246' title='bbox 749 3609 778 3672; x_wconf 92' lang='lat' dir='ltr'><strong>in</strong></span> <span class='ocrx_word' id='word_1_247' title='bbox 793 3609 952 3674; x_wconf 90' lang='lat' dir='ltr'><strong>discrimen</strong></span> <span class='ocrx_word' id='word_1_248' title='bbox 968 3613 1141 3690; x_wconf 85' lang='lat' dir='ltr'><strong>adduceret,</strong></span> <span class='ocrx_word' id='word_1_249' title='bbox 1157 3637 1195 3679; x_wconf 87' lang='lat' dir='ltr'><strong>ea</strong></span> <span class='ocrx_word' id='word_1_250' title='bbox 1208 3620 1330 3683; x_wconf 84' lang='lat' dir='ltr'><strong>tanturn</strong></span> 
     </span>
     <span class='ocr_line' id='line_1_32' title="bbox 275 3718 1331 3801; baseline 0.004 -15"><span class='ocrx_word' id='word_1_251' title='bbox 275 3718 426 3786; x_wconf 82' lang='lat' dir='ltr'><strong>incusavit</strong></span> <span class='ocrx_word' id='word_1_252' title='bbox 445 3738 513 3801; x_wconf 87' lang='lat' dir='ltr'><strong>quae</strong></span> <span class='ocrx_word' id='word_1_253' title='bbox 535 3737 631 3801; x_wconf 88' lang='lat' dir='ltr'><strong>parva</strong></span> <span class='ocrx_word' id='word_1_254' title='bbox 646 3723 759 3793; x_wconf 88' lang='lat' dir='ltr'><strong>essent,</strong></span> <span class='ocrx_word' id='word_1_255' title='bbox 783 3738 850 3800; x_wconf 89' lang='lat' dir='ltr'><strong>quae</strong></span> <span class='ocrx_word' id='word_1_256' title='bbox 872 3718 983 3782; x_wconf 91' lang='lat' dir='ltr'><strong>nemini</strong></span> <span class='ocrx_word' id='word_1_257' title='bbox 1001 3721 1134 3784; x_wconf 87' lang='lat' dir='ltr'><strong>dolorem</strong></span> <span class='ocrx_word' id='word_1_258' title='bbox 1150 3726 1331 3790; x_wconf 89' lang='lat' dir='ltr'><strong>ruboremve</strong></span> 
     </span>
     <span class='ocr_line' id='line_1_33' title="bbox 275 3825 1329 3915; baseline 0.007 -25"><span class='ocrx_word' id='word_1_259' title='bbox 275 3826 385 3890; x_wconf 86' lang='lat' dir='ltr'><strong>inferre</strong></span> <span class='ocrx_word' id='word_1_260' title='bbox 405 3831 543 3909; x_wconf 89' lang='lat' dir='ltr'><strong>possent,</strong></span> <span class='ocrx_word' id='word_1_261' title='bbox 568 3832 600 3889; x_wconf 90' lang='lat' dir='ltr'><strong>et</strong></span> <span class='ocrx_word' id='word_1_262' title='bbox 623 3825 661 3888; x_wconf 90' lang='lat' dir='ltr'><strong>de</strong></span> <span class='ocrx_word' id='word_1_263' title='bbox 684 3825 797 3908; x_wconf 89' lang='lat' dir='ltr'><strong>quibus</strong></span> <span class='ocrx_word' id='word_1_264' title='bbox 820 3825 996 3908; x_wconf 86' lang='lat' dir='ltr'><strong>imperatori</strong></span> <span class='ocrx_word' id='word_1_265' title='bbox 1021 3848 1136 3892; x_wconf 88' lang='lat' dir='ltr'><strong>morem</strong></span> <span class='ocrx_word' id='word_1_266' title='bbox 1160 3832 1329 3915; x_wconf 81' lang='lat' dir='ltr'><strong>gerendum</strong></span> 
     </span>
     <span class='ocr_line' id='line_1_34' title="bbox 271 3929 1331 4024; baseline 0.002 -24"><span class='ocrx_word' id='word_1_267' title='bbox 271 3955 343 4000; x_wconf 84' lang='lat' dir='ltr'><strong>esse</strong></span> <span class='ocrx_word' id='word_1_268' title='bbox 369 3932 449 3996; x_wconf 90' lang='lat' dir='ltr'><strong>ultro</strong></span> <span class='ocrx_word' id='word_1_269' title='bbox 476 3952 583 3996; x_wconf 87' lang='lat' dir='ltr'><strong>omnes</strong></span> <span class='ocrx_word' id='word_1_270' title='bbox 608 3929 788 3995; x_wconf 81' lang='lat' dir='ltr'><strong>faterentur.</strong></span> <span class='ocrx_word' id='word_1_271' title='bbox 820 3931 910 3996; x_wconf 89' lang='lat' dir='ltr'><strong>Nunc</strong></span> <span class='ocrx_word' id='word_1_272' title='bbox 935 3940 1038 3997; x_wconf 89' lang='lat' dir='ltr'><strong>autem</strong></span> <span class='ocrx_word' id='word_1_273' title='bbox 1062 3934 1185 4001; x_wconf 87' lang='lat' dir='ltr'><strong>domitis</strong></span> <span class='ocrx_word' id='word_1_274' title='bbox 1206 3937 1272 4024; x_wconf 89' lang='lat' dir='ltr'><strong>jam</strong></span> <span class='ocrx_word' id='word_1_275' title='bbox 1298 3946 1331 4002; x_wconf 93' lang='lat' dir='ltr'><strong>et</strong></span> 
     </span>
     <span class='ocr_line' id='line_1_35' title="bbox 275 4038 1328 4130; baseline 0.002 -23"><span class='ocrx_word' id='word_1_276' title='bbox 275 4063 349 4128; x_wconf 88' lang='lat' dir='ltr'><strong>erga</strong></span> <span class='ocrx_word' id='word_1_277' title='bbox 369 4062 401 4104; x_wconf 90' lang='lat' dir='ltr'><strong>se</strong></span> <span class='ocrx_word' id='word_1_278' title='bbox 421 4038 536 4122; x_wconf 92' lang='lat' dir='ltr'><strong>optime</strong></span> <span class='ocrx_word' id='word_1_279' title='bbox 558 4038 701 4102; x_wconf 85' lang='lat' dir='ltr'><strong>animatis</strong></span> <span class='ocrx_word' id='word_1_280' title='bbox 723 4058 839 4102; x_wconf 87' lang='lat' dir='ltr'><strong>comem</strong></span> <span class='ocrx_word' id='word_1_281' title='bbox 863 4059 897 4105; x_wconf 87' lang='lat' dir='ltr'><strong>sa</strong></span> <span class='ocrx_word' id='word_1_282' title='bbox 920 4048 952 4102; x_wconf 92' lang='lat' dir='ltr'><strong>et</strong></span> <span class='ocrx_word' id='word_1_283' title='bbox 970 4040 1077 4105; x_wconf 90' lang='lat' dir='ltr'><strong>mitem</strong></span> <span class='ocrx_word' id='word_1_284' title='bbox 1098 4041 1242 4108; x_wconf 86' lang='lat' dir='ltr'><strong>incolumi</strong></span> <span class='ocrx_word' id='word_1_285' title='bbox 1261 4047 1328 4130; x_wconf 82' lang='lat' dir='ltr'><strong>dig·</strong></span> 
     </span>
     <span class='ocr_line' id='line_1_36' title="bbox 274 4135 1331 4233; baseline 0.003 -20"><span class='ocrx_word' id='word_1_286' title='bbox 274 4150 371 4215; x_wconf 90' lang='lat' dir='ltr'><strong>nitate</strong></span> <span class='ocrx_word' id='word_1_287' title='bbox 384 4149 518 4233; x_wconf 74' lang='lat' dir='ltr'><strong>praebeqt</strong></span> <span class='ocrx_word' id='word_1_288' title='bbox 534 4145 617 4222; x_wconf 90' lang='lat' dir='ltr'><strong>licet,</strong></span> <span class='ocrx_word' id='word_1_289' title='bbox 641 4135 733 4228; x_wconf 87' lang='lat' dir='ltr'><strong>idque</strong></span> <span class='ocrx_word' id='word_1_290' title='bbox 751 4152 816 4210; x_wconf 91' lang='lat' dir='ltr'><strong>tum</strong></span> <span class='ocrx_word' id='word_1_291' title='bbox 839 4146 934 4212; x_wconf 83' lang='lat' dir='ltr'><strong>tutius</strong></span> <span class='ocrx_word' id='word_1_292' title='bbox 949 4155 1008 4224; x_wconf 92' lang='lat' dir='ltr'><strong>est,</strong></span> <span class='ocrx_word' id='word_1_293' title='bbox 1028 4157 1092 4212; x_wconf 92' lang='lat' dir='ltr'><strong>tum</strong></span> <span class='ocrx_word' id='word_1_294' title='bbox 1108 4149 1147 4212; x_wconf 89' lang='lat' dir='ltr'><strong>ad</strong></span> <span class='ocrx_word' id='word_1_295' title='bbox 1167 4152 1331 4216; x_wconf 89' lang='lat' dir='ltr'><strong>concilian-</strong></span> 
     </span>
     <span class='ocr_line' id='line_1_37' title="bbox 274 4253 1330 4345; baseline 0.003 -25"><span class='ocrx_word' id='word_1_296' title='bbox 274 4257 330 4320; x_wconf 87' lang='lat' dir='ltr'><strong>dos</strong></span> <span class='ocrx_word' id='word_1_297' title='bbox 350 4254 467 4320; x_wconf 85' lang='lat' dir='ltr'><strong>animos</strong></span> <span class='ocrx_word' id='word_1_298' title='bbox 482 4253 770 4338; x_wconf 90' lang='lat' dir='ltr'><strong>accelerandamque</strong></span> <span class='ocrx_word' id='word_1_299' title='bbox 786 4253 996 4337; x_wconf 86' lang='lat' dir='ltr'><strong>poenitentiam</strong></span> <span class='ocrx_word' id='word_1_300' title='bbox 1013 4255 1111 4340; x_wconf 84' lang='lat' dir='ltr'><strong>magis</strong></span> <span class='ocrx_word' id='word_1_301' title='bbox 1125 4257 1221 4324; x_wconf 87' lang='lat' dir='ltr'><strong>valet.</strong></span> <span class='ocrx_word' id='word_1_302' title='bbox 1244 4261 1330 4345; x_wconf 78' lang='lat' dir='ltr'><strong>Ergo</strong></span> 
     </span>
     <span class='ocr_line' id='line_1_38' title="bbox 275 4360 1326 4461; baseline 0.003 -32"><span class='ocrx_word' id='word_1_303' title='bbox 275 4384 367 4457; x_wconf 83' lang='lat' dir='ltr'><strong>quum</strong></span> <span class='ocrx_word' id='word_1_304' title='bbox 389 4362 537 4436; x_wconf 83' lang='lat' dir='ltr'><strong>audiverit</strong></span> <span class='ocrx_word' id='word_1_305' title='bbox 550 4360 709 4449; x_wconf 87' lang='lat' dir='ltr'><strong>imperium</strong></span> <span class='ocrx_word' id='word_1_306' title='bbox 727 4382 815 4438; x_wconf 83' lang='lat' dir='ltr'><strong>suum</strong></span> <span class='ocrx_word' id='word_1_307' title='bbox 835 4369 1043 4461; x_wconf 87' lang='lat' dir='ltr'><strong>contemptum</strong></span> <span class='ocrx_word' id='word_1_308' title='bbox 1064 4385 1100 4431; x_wconf 89' lang='lat' dir='ltr'><strong>ao</strong></span> <span class='ocrx_word' id='word_1_309' title='bbox 1117 4366 1326 4457; x_wconf 78' lang='lat' dir='ltr'><strong>proculcatum</strong></span> 
     </span>
    </p>
   </div>
   <div class='ocr_carea' id='block_1_3' title="bbox 0 0 1370 4966">
    <p class='ocr_par' dir='ltr' id='par_1_7' title="bbox 0 0 1370 4966">
     <span class='ocr_line' id='line_1_39' title="bbox 0 0 1370 4966; baseline 0 3"><span class='ocrx_word' id='word_1_310' title='bbox 0 0 1370 4966; x_wconf 95' lang='lat' dir='ltr'><strong> </strong></span> 
     </span>
    </p>
   </div>
  </div>
 </body>
</html>
