<?xml version="1.0" encoding="UTF-8"?>
<!DOCTYPE html PUBLIC "-//W3C//DTD XHTML 1.0 Transitional//EN"
    "http://www.w3.org/TR/xhtml1/DTD/xhtml1-transitional.dtd">
<html xmlns="http://www.w3.org/1999/xhtml" xml:lang="en" lang="en">
 <head>
  <title>
</title>
<meta http-equiv="Content-Type" content="text/html;charset=utf-8" />
  <meta name='ocr-system' content='tesseract 3.04.00' />
  <meta name='ocr-capabilities' content='ocr_page ocr_carea ocr_par ocr_line ocrx_word'/>
</head>
<body>
  <div class='ocr_page' id='page_1' title='image "./decaiijuliicaes00lislgoog_0016.png"; bbox 0 0 2730 4966; ppageno 0'>
   <div class='ocr_carea' id='block_1_1' title="bbox 599 370 753 433">
    <p class='ocr_par' dir='ltr' id='par_1_1' title="bbox 599 370 753 433">
     <span class='ocr_line' id='line_1_1' title="bbox 599 370 753 433; baseline -0.013 -13"><span class='ocrx_word' id='word_1_1' title='bbox 599 370 753 433; x_wconf 49' lang='lat' dir='ltr'>sur-s</span> 
     </span>
    </p>
   </div>
   <div class='ocr_carea' id='block_1_2' title="bbox 152 509 1198 919">
    <p class='ocr_par' dir='ltr' id='par_1_2' title="bbox 152 509 1198 919">
     <span class='ocr_line' id='line_1_2' title="bbox 154 509 1197 596; baseline 0.003 -21"><span class='ocrx_word' id='word_1_2' title='bbox 154 509 296 580; x_wconf 83' lang='lat' dir='ltr'>matianis</span> <span class='ocrx_word' id='word_1_3' title='bbox 321 515 353 575; x_wconf 87' lang='lat' dir='ltr'>st</span> <span class='ocrx_word' id='word_1_4' title='bbox 375 509 531 594; x_wconf 84' lang='lat' dir='ltr'>dignitatis</span> <span class='ocrx_word' id='word_1_5' title='bbox 554 510 679 576; x_wconf 87' lang='lat' dir='ltr'>haberet</span> <span class='ocrx_word' id='word_1_6' title='bbox 701 511 812 596; x_wconf 85' lang='lat' dir='ltr'>poesis,</span> <span class='ocrx_word' id='word_1_7' title='bbox 834 531 940 575; x_wconf 89' lang='lat' dir='ltr'>versus</span> <span class='ocrx_word' id='word_1_8' title='bbox 962 512 1092 579; x_wconf 84' lang='lat' dir='ltr'>condere</span> <span class='ocrx_word' id='word_1_9' title='bbox 1115 513 1197 585; x_wconf 86' lang='lat' dir='ltr'>haud</span> 
     </span>
     <span class='ocr_line' id='line_1_3' title="bbox 153 617 1198 704; baseline 0.009 -24"><span class='ocrx_word' id='word_1_10' title='bbox 153 617 336 701; x_wconf 84' lang='lat' dir='ltr'>dedignatus</span> <span class='ocrx_word' id='word_1_11' title='bbox 350 625 407 690; x_wconf 85' lang='lat' dir='ltr'>est,</span> <span class='ocrx_word' id='word_1_12' title='bbox 425 625 456 681; x_wconf 89' lang='lat' dir='ltr'>et</span> <span class='ocrx_word' id='word_1_13' title='bbox 469 617 585 701; x_wconf 90' lang='lat' dir='ltr'>OEdipo</span> <span class='ocrx_word' id='word_1_14' title='bbox 600 640 654 681; x_wconf 89' lang='lat' dir='ltr'>suo</span> <span class='ocrx_word' id='word_1_15' title='bbox 675 617 716 704; x_wconf 77' lang='lat' dir='ltr'>(l)</span> <span class='ocrx_word' id='word_1_16' title='bbox 731 617 933 702; x_wconf 83' lang='lat' dir='ltr'>Sophocleum</span> <span class='ocrx_word' id='word_1_17' title='bbox 953 621 1088 701; x_wconf 81' lang='lat' dir='ltr'>lauream</span> <span class='ocrx_word' id='word_1_18' title='bbox 1106 641 1198 697; x_wconf 79' lang='lat' dir='ltr'>ausus</span> 
     </span>
     <span class='ocr_line' id='line_1_4' title="bbox 154 724 1196 812; baseline 0.006 -26"><span class='ocrx_word' id='word_1_19' title='bbox 154 731 201 787; x_wconf 87' lang='lat' dir='ltr'>est</span> <span class='ocrx_word' id='word_1_20' title='bbox 216 725 360 788; x_wconf 88' lang='lat' dir='ltr'>aemulari.</span> <span class='ocrx_word' id='word_1_21' title='bbox 378 725 489 810; x_wconf 81' lang='lat' dir='ltr'>Neque</span> <span class='ocrx_word' id='word_1_22' title='bbox 503 726 533 788; x_wconf 92' lang='lat' dir='ltr'>id</span> <span class='ocrx_word' id='word_1_23' title='bbox 548 734 653 789; x_wconf 90' lang='lat' dir='ltr'>tamen</span> <span class='ocrx_word' id='word_1_24' title='bbox 665 726 784 811; x_wconf 85' lang='lat' dir='ltr'>poetico</span> <span class='ocrx_word' id='word_1_25' title='bbox 798 729 930 812; x_wconf 88' lang='lat' dir='ltr'>quodam</span> <span class='ocrx_word' id='word_1_26' title='bbox 942 726 1049 811; x_wconf 84' lang='lat' dir='ltr'>spiritu</span> <span class='ocrx_word' id='word_1_27' title='bbox 1061 724 1196 808; x_wconf 74' lang='lat' dir='ltr'>afflatos,</span> 
     </span>
     <span class='ocr_line' id='line_1_5' title="bbox 152 832 1195 919; baseline 0.001 -20"><span class='ocrx_word' id='word_1_28' title='bbox 152 844 207 899; x_wconf 86' lang='lat' dir='ltr'>aut</span> <span class='ocrx_word' id='word_1_29' title='bbox 231 853 381 907; x_wconf 75' lang='lat' dir='ltr'>musarum</span> <span class='ocrx_word' id='word_1_30' title='bbox 397 841 429 906; x_wconf 82' lang='lat' dir='ltr'>er</span> <span class='ocrx_word' id='word_1_31' title='bbox 442 832 600 908; x_wconf 77' lang='lat' dir='ltr'>Minervas.</span> <span class='ocrx_word' id='word_1_32' title='bbox 620 835 728 917; x_wconf 90' lang='lat' dir='ltr'>quibus</span> <span class='ocrx_word' id='word_1_33' title='bbox 750 857 784 900; x_wconf 84' lang='lat' dir='ltr'>ss</span> <span class='ocrx_word' id='word_1_34' title='bbox 807 837 983 906; x_wconf 80' lang='lat' dir='ltr'>subtrahere</span> <span class='ocrx_word' id='word_1_35' title='bbox 999 857 1059 904; x_wconf 89' lang='lat' dir='ltr'>non</span> <span class='ocrx_word' id='word_1_36' title='bbox 1079 843 1195 919; x_wconf 86' lang='lat' dir='ltr'>posset,</span> 
     </span>
    </p>
   </div>
   <div class='ocr_carea' id='block_1_3' title="bbox 152 937 1315 1027">
    <p class='ocr_par' dir='ltr' id='par_1_3' title="bbox 152 937 1315 1027">
     <span class='ocr_line' id='line_1_6' title="bbox 152 937 1315 1027; baseline 0.006 -22"><span class='ocrx_word' id='word_1_37' title='bbox 152 937 1194 1027; x_wconf 80' lang='lat' dir='ltr'>graribusimperiissubaotus,admisissesaoinusvidetur3quoniam.</span> <span class='ocrx_word' id='word_1_38' title='bbox 1309 985 1315 996; x_wconf 90' lang='lat'>·</span> 
     </span>
    </p>
   </div>
   <div class='ocr_carea' id='block_1_4' title="bbox 152 1042 1201 1561">
    <p class='ocr_par' dir='ltr' id='par_1_4' title="bbox 152 1042 1201 1561">
     <span class='ocr_line' id='line_1_7' title="bbox 152 1042 1199 1135; baseline 0.005 -27"><span class='ocrx_word' id='word_1_39' title='bbox 152 1045 177 1110; x_wconf 89' lang='lat' dir='ltr'>si</span> <span class='ocrx_word' id='word_1_40' title='bbox 190 1046 296 1119; x_wconf 85' lang='lat' dir='ltr'>Tacito</span> <span class='ocrx_word' id='word_1_41' title='bbox 311 1042 386 1121; x_wconf 90' lang='lat' dir='ltr'>fides</span> <span class='ocrx_word' id='word_1_42' title='bbox 398 1047 438 1113; x_wconf 89' lang='lat' dir='ltr'>sit</span> <span class='ocrx_word' id='word_1_43' title='bbox 452 1047 633 1135; x_wconf 81' lang='lat' dir='ltr'>adhibenda,</span> <span class='ocrx_word' id='word_1_44' title='bbox 652 1049 786 1124; x_wconf 84' lang='lat' dir='ltr'>carmina</span> <span class='ocrx_word' id='word_1_45' title='bbox 798 1049 848 1115; x_wconf 90' lang='lat' dir='ltr'>illa</span> <span class='ocrx_word' id='word_1_46' title='bbox 863 1069 1037 1134; x_wconf 81' lang='lat' dir='ltr'><strong>quanquam</strong></span> <span class='ocrx_word' id='word_1_47' title='bbox 1048 1049 1079 1119; x_wconf 81' lang='lat' dir='ltr'>io</span> <span class='ocrx_word' id='word_1_48' title='bbox 1093 1049 1199 1121; x_wconf 88' lang='lat' dir='ltr'>biblio·</span> 
     </span>
     <span class='ocr_line' id='line_1_8' title="bbox 152 1153 1197 1241; baseline 0.007 -25"><span class='ocrx_word' id='word_1_49' title='bbox 152 1153 258 1219; x_wconf 84' lang='lat' dir='ltr'>thecas</span> <span class='ocrx_word' id='word_1_50' title='bbox 284 1153 441 1225; x_wconf 78' lang='lat' dir='ltr'>reseranda</span> <span class='ocrx_word' id='word_1_51' title='bbox 462 1155 571 1226; x_wconf 84' lang='lat' dir='ltr'>deinde</span> <span class='ocrx_word' id='word_1_52' title='bbox 597 1156 749 1224; x_wconf 79' lang='lat' dir='ltr'><strong>curaverit</strong></span> <span class='ocrx_word' id='word_1_53' title='bbox 770 1177 830 1229; x_wconf 87' lang='lat' dir='ltr'>uon</span> <span class='ocrx_word' id='word_1_54' title='bbox 847 1157 953 1228; x_wconf 78' lang='lat' dir='ltr'>melius</span> <span class='ocrx_word' id='word_1_55' title='bbox 976 1177 1069 1241; x_wconf 88' lang='lat' dir='ltr'>quarn</span> <span class='ocrx_word' id='word_1_56' title='bbox 1090 1155 1197 1232; x_wconf 87' lang='lat' dir='ltr'>Cicero</span> 
     </span>
     <span class='ocr_line' id='line_1_9' title="bbox 152 1258 1200 1349; baseline 0.01 -28"><span class='ocrx_word' id='word_1_57' title='bbox 152 1258 235 1336; x_wconf 87' lang='lat' dir='ltr'>fecit,</span> <span class='ocrx_word' id='word_1_58' title='bbox 253 1261 308 1335; x_wconf 79' lang='lat' dir='ltr'>sed</span> <span class='ocrx_word' id='word_1_59' title='bbox 325 1261 514 1332; x_wconf 76' lang='lat' dir='ltr'>solummodo</span> <span class='ocrx_word' id='word_1_60' title='bbox 538 1260 664 1343; x_wconf 81' lang='lat' dir='ltr'>felicius,</span> <span class='ocrx_word' id='word_1_61' title='bbox 686 1263 789 1349; x_wconf 72' lang='lat' dir='ltr'>aquia</span> <span class='ocrx_word' id='word_1_62' title='bbox 807 1263 891 1327; x_wconf 91' lang='lat' dir='ltr'>illum</span> <span class='ocrx_word' id='word_1_63' title='bbox 914 1261 1022 1333; x_wconf 82' lang='lat' dir='ltr'>facisse</span> <span class='ocrx_word' id='word_1_64' title='bbox 1043 1264 1200 1349; x_wconf 77' lang='lat' dir='ltr'>pauciores</span> 
     </span>
     <span class='ocr_line' id='line_1_10' title="bbox 158 1358 1166 1453; baseline 0.004 -23"><span class='ocrx_word' id='word_1_65' title='bbox 158 1397 171 1420; x_wconf 72' lang='lat' dir='ltr'>u</span> <span class='ocrx_word' id='word_1_66' title='bbox 191 1366 290 1432; x_wconf 89' lang='lat' dir='ltr'>sciunt</span> <span class='ocrx_word' id='word_1_67' title='bbox 305 1365 356 1453; x_wconf 71' lang='lat'>(2).</span> <span class='ocrx_word' id='word_1_68' title='bbox 379 1399 392 1425; x_wconf 75' lang='lat' dir='ltr'>n</span> <span class='ocrx_word' id='word_1_69' title='bbox 1163 1358 1166 1363; x_wconf 52' lang='grc'>’</span> 
     </span>
     <span class='ocr_line' id='line_1_11' title="bbox 199 1474 1201 1561; baseline 0.005 -24"><span class='ocrx_word' id='word_1_70' title='bbox 199 1474 373 1552; x_wconf 72' lang='lat' dir='ltr'>Quinetiam</span> <span class='ocrx_word' id='word_1_71' title='bbox 395 1481 427 1542; x_wconf 80' lang='lat' dir='ltr'>et</span> <span class='ocrx_word' id='word_1_72' title='bbox 446 1474 677 1559; x_wconf 83' lang='lat' dir='ltr'>grammaticam</span> <span class='ocrx_word' id='word_1_73' title='bbox 700 1475 801 1551; x_wconf 88' lang='lat' dir='ltr'>coluit,</span> <span class='ocrx_word' id='word_1_74' title='bbox 821 1481 854 1541; x_wconf 85' lang='lat' dir='ltr'>at</span> <span class='ocrx_word' id='word_1_75' title='bbox 869 1475 1077 1561; x_wconf 82' lang='lat' dir='ltr'>grammaticis</span> <span class='ocrx_word' id='word_1_76' title='bbox 1099 1475 1201 1544; x_wconf 83' lang='lat' dir='ltr'>latinis</span> 
     </span>
    </p>
   </div>
   <div class='ocr_carea' id='block_1_5' title="bbox 153 1581 1321 1668">
    <p class='ocr_par' dir='ltr' id='par_1_5' title="bbox 153 1581 1321 1668">
     <span class='ocr_line' id='line_1_12' title="bbox 153 1581 1321 1668; baseline 0.004 -23"><span class='ocrx_word' id='word_1_77' title='bbox 153 1581 323 1650; x_wconf 86' lang='lat' dir='ltr'>Galliarum</span> <span class='ocrx_word' id='word_1_78' title='bbox 335 1582 384 1646; x_wconf 89' lang='lat' dir='ltr'>ille</span> <span class='ocrx_word' id='word_1_79' title='bbox 398 1582 529 1658; x_wconf 85' lang='lat' dir='ltr'>domitor</span> <span class='ocrx_word' id='word_1_80' title='bbox 541 1584 852 1657; x_wconf 80' lang='lat' dir='ltr'>estauoumerandus.</span> <span class='ocrx_word' id='word_1_81' title='bbox 872 1612 885 1642; x_wconf 73' lang='lat' dir='ltr'>u</span> <span class='ocrx_word' id='word_1_82' title='bbox 901 1583 1031 1668; x_wconf 83' lang='lat' dir='ltr'>Scripsit</span> <span class='ocrx_word' id='word_1_83' title='bbox 1042 1590 1073 1649; x_wconf 91' lang='lat' dir='ltr'>et</span> <span class='ocrx_word' id='word_1_84' title='bbox 1084 1584 1123 1648; x_wconf 86' lang='lat' dir='ltr'>de</span> <span class='ocrx_word' id='word_1_85' title='bbox 1132 1604 1201 1656; x_wconf 86' lang='lat' dir='ltr'>ana·</span> <span class='ocrx_word' id='word_1_86' title='bbox 1316 1614 1321 1625; x_wconf 90' lang='lat'><strong>·</strong></span> 
     </span>
    </p>
   </div>
   <div class='ocr_carea' id='block_1_6' title="bbox 110 1687 1294 4029">
    <p class='ocr_par' dir='ltr' id='par_1_6' title="bbox 110 1687 1294 3371">
     <span class='ocr_line' id='line_1_13' title="bbox 154 1687 1282 1777; baseline 0.003 -26"><span class='ocrx_word' id='word_1_87' title='bbox 154 1687 234 1772; x_wconf 75' lang='lat' dir='ltr'>logia</span> <span class='ocrx_word' id='word_1_88' title='bbox 256 1688 348 1757; x_wconf 87' lang='lat' dir='ltr'>libros</span> <span class='ocrx_word' id='word_1_89' title='bbox 363 1689 452 1764; x_wconf 83' lang='lat' dir='ltr'>duos,</span> <span class='ocrx_word' id='word_1_90' title='bbox 474 1721 486 1746; x_wconf 78' lang='lat' dir='ltr'>n</span> <span class='ocrx_word' id='word_1_91' title='bbox 506 1689 605 1773; x_wconf 84' lang='lat' dir='ltr'>inquit</span> <span class='ocrx_word' id='word_1_92' title='bbox 619 1689 784 1764; x_wconf 74' lang='lat' dir='ltr'>Suetonius</span> <span class='ocrx_word' id='word_1_93' title='bbox 802 1689 853 1777; x_wconf 58' lang='lat' dir='ltr'>igi·</span> <span class='ocrx_word' id='word_1_94' title='bbox 875 1689 994 1771; x_wconf 77' lang='lat' dir='ltr'>Quaeris</span> <span class='ocrx_word' id='word_1_95' title='bbox 1017 1689 1070 1775; x_wconf 93' lang='lat' dir='ltr'>qui</span> <span class='ocrx_word' id='word_1_96' title='bbox 1089 1689 1201 1764; x_wconf 88' lang='lat' dir='ltr'>luerint</span> <span class='ocrx_word' id='word_1_97' title='bbox 1271 1710 1282 1723; x_wconf 84' lang='lat'><strong>·</strong></span> 
     </span>
     <span class='ocr_line' id='line_1_14' title="bbox 153 1783 1294 1882; baseline -0.002 -17"><span class='ocrx_word' id='word_1_98' title='bbox 153 1783 223 1869; x_wconf 87' lang='lat' dir='ltr'>libri</span> <span class='ocrx_word' id='word_1_99' title='bbox 238 1795 311 1863; x_wconf 81' lang='lat' dir='ltr'>istit</span> <span class='ocrx_word' id='word_1_100' title='bbox 328 1797 378 1861; x_wconf 79' lang='lat' dir='ltr'>En</span> <span class='ocrx_word' id='word_1_101' title='bbox 389 1795 535 1871; x_wconf 82' lang='lat' dir='ltr'>Cicerone</span> <span class='ocrx_word' id='word_1_102' title='bbox 550 1802 643 1882; x_wconf 87' lang='lat' dir='ltr'>atque</span> <span class='ocrx_word' id='word_1_103' title='bbox 659 1797 741 1863; x_wconf 84' lang='lat' dir='ltr'>Aulo</span> <span class='ocrx_word' id='word_1_104' title='bbox 760 1794 861 1872; x_wconf 83' lang='lat' dir='ltr'>Gellio</span> <span class='ocrx_word' id='word_1_105' title='bbox 883 1818 1060 1882; x_wconf 83' lang='lat' dir='ltr'>responsum</span> <span class='ocrx_word' id='word_1_106' title='bbox 1081 1804 1198 1882; x_wconf 87' lang='lat' dir='ltr'>petam.</span> <span class='ocrx_word' id='word_1_107' title='bbox 1290 1863 1294 1869; x_wconf 86' lang='grc'><strong>,</strong></span> 
     </span>
     <span class='ocr_line' id='line_1_15' title="bbox 153 1901 1201 1989; baseline 0.006 -25"><span class='ocrx_word' id='word_1_108' title='bbox 153 1901 253 1977; x_wconf 79' lang='lat' dir='ltr'>Docet</span> <span class='ocrx_word' id='word_1_109' title='bbox 265 1923 320 1972; x_wconf 88' lang='lat' dir='ltr'>nos</span> <span class='ocrx_word' id='word_1_110' title='bbox 333 1902 449 1977; x_wconf 74' lang='lat' dir='ltr'>Tullius</span> <span class='ocrx_word' id='word_1_111' title='bbox 468 1904 506 1966; x_wconf 88' lang='lat' dir='ltr'>da</span> <span class='ocrx_word' id='word_1_112' title='bbox 525 1903 642 1968; x_wconf 83' lang='lat' dir='ltr'>ratione</span> <span class='ocrx_word' id='word_1_113' title='bbox 659 1903 751 1976; x_wconf 84' lang='lat' dir='ltr'>latine</span> <span class='ocrx_word' id='word_1_114' title='bbox 762 1904 905 1989; x_wconf 88' lang='lat' dir='ltr'>loquendi</span> <span class='ocrx_word' id='word_1_115' title='bbox 921 1905 1145 1978; x_wconf 85' lang='lat' dir='ltr'>accuratissimo</span> <span class='ocrx_word' id='word_1_116' title='bbox 1161 1905 1201 1972; x_wconf 92' lang='lat' dir='ltr'>ad</span> 
     </span>
     <span class='ocr_line' id='line_1_16' title="bbox 153 2005 1243 2097; baseline 0 -21"><span class='ocrx_word' id='word_1_117' title='bbox 153 2029 187 2076; x_wconf 83' lang='lat' dir='ltr'>se</span> <span class='ocrx_word' id='word_1_118' title='bbox 208 2008 336 2093; x_wconf 85' lang='lat' dir='ltr'>scriptos</span> <span class='ocrx_word' id='word_1_119' title='bbox 360 2005 778 2097; x_wconf 18' lang='lat' dir='ltr'>fuisse14).=Aulusimtem</span> <span class='ocrx_word' id='word_1_120' title='bbox 800 2011 920 2086; x_wconf 83' lang='lat' dir='ltr'>Gellius</span> <span class='ocrx_word' id='word_1_121' title='bbox 941 2017 973 2079; x_wconf 86' lang='lat' dir='ltr'>ot</span> <span class='ocrx_word' id='word_1_122' title='bbox 992 2011 1056 2093; x_wconf 90' lang='lat' dir='ltr'>alii,</span> <span class='ocrx_word' id='word_1_123' title='bbox 1076 2012 1202 2094; x_wconf 83' lang='lat' dir='ltr'>prolatis</span> <span class='ocrx_word' id='word_1_124' title='bbox 1231 2026 1243 2045; x_wconf 78' lang='grc'><em>·</em></span> 
     </span>
     <span class='ocr_line' id='line_1_17' title="bbox 154 2115 1201 2205; baseline -0.001 -25"><span class='ocrx_word' id='word_1_125' title='bbox 154 2117 314 2205; x_wconf 81' lang='lat' dir='ltr'>exemplis,</span> <span class='ocrx_word' id='word_1_126' title='bbox 328 2118 492 2186; x_wconf 87' lang='lat' dir='ltr'>ostendunt</span> <span class='ocrx_word' id='word_1_127' title='bbox 506 2117 537 2183; x_wconf 89' lang='lat' dir='ltr'>in</span> <span class='ocrx_word' id='word_1_128' title='bbox 549 2118 587 2184; x_wconf 84' lang='lat' dir='ltr'>iis</span> <span class='ocrx_word' id='word_1_129' title='bbox 600 2119 790 2202; x_wconf 82' lang='lat' dir='ltr'>disputatum</span> <span class='ocrx_word' id='word_1_130' title='bbox 800 2116 894 2186; x_wconf 84' lang='lat' dir='ltr'>fuisso</span> <span class='ocrx_word' id='word_1_131' title='bbox 903 2125 1006 2185; x_wconf 91' lang='lat' dir='ltr'>utrum</span> <span class='ocrx_word' id='word_1_132' title='bbox 1020 2140 1149 2180; x_wconf 85' lang='lat' dir='ltr'>arenam</span> <span class='ocrx_word' id='word_1_133' title='bbox 1160 2115 1201 2205; x_wconf 72' lang='lat' dir='ltr'>tiit</span> 
     </span>
     <span class='ocr_line' id='line_1_18' title="bbox 110 2223 1201 2312; baseline 0.002 -23"><span class='ocrx_word' id='word_1_134' title='bbox 110 2251 113 2255; x_wconf 93' lang='lat'>·</span> <span class='ocrx_word' id='word_1_135' title='bbox 154 2230 273 2296; x_wconf 85' lang='lat' dir='ltr'>tautum</span> <span class='ocrx_word' id='word_1_136' title='bbox 285 2246 323 2299; x_wconf 88' lang='lat' dir='ltr'>an</span> <span class='ocrx_word' id='word_1_137' title='bbox 336 2248 451 2292; x_wconf 82' lang='lat' dir='ltr'>aranas</span> <span class='ocrx_word' id='word_1_138' title='bbox 464 2245 585 2311; x_wconf 88' lang='lat' dir='ltr'>quoque</span> <span class='ocrx_word' id='word_1_139' title='bbox 594 2225 694 2290; x_wconf 84' lang='lat' dir='ltr'>dicere</span> <span class='ocrx_word' id='word_1_140' title='bbox 704 2225 821 2312; x_wconf 77' lang='lat' dir='ltr'>liceret,</span> <span class='ocrx_word' id='word_1_141' title='bbox 833 2233 936 2292; x_wconf 91' lang='lat' dir='ltr'>utrum</span> <span class='ocrx_word' id='word_1_142' title='bbox 948 2223 1039 2312; x_wconf 77' lang='lat' dir='ltr'>trojus</span> <span class='ocrx_word' id='word_1_143' title='bbox 1048 2223 1101 2288; x_wconf 82' lang='lat' dir='ltr'>dio</span> <span class='ocrx_word' id='word_1_144' title='bbox 1111 2223 1149 2311; x_wconf 77' lang='lat'>(6)</span> <span class='ocrx_word' id='word_1_145' title='bbox 1162 2246 1201 2291; x_wconf 88' lang='lat' dir='ltr'>an</span> 
     </span>
     <span class='ocr_line' id='line_1_19' title="bbox 153 2329 1202 2416; baseline 0.004 -23"><span class='ocrx_word' id='word_1_146' title='bbox 153 2329 247 2416; x_wconf 79' lang='lat' dir='ltr'>lrrrjm</span> <span class='ocrx_word' id='word_1_147' title='bbox 269 2331 344 2414; x_wconf 81' lang='lat' dir='ltr'>diei,</span> <span class='ocrx_word' id='word_1_148' title='bbox 365 2331 517 2401; x_wconf 82' lang='lat' dir='ltr'>rorbr’ncm</span> <span class='ocrx_word' id='word_1_149' title='bbox 538 2354 578 2399; x_wconf 89' lang='lat' dir='ltr'>an</span> <span class='ocrx_word' id='word_1_150' title='bbox 599 2330 760 2399; x_wconf 78' lang='lat' dir='ltr'>terrionem</span> <span class='ocrx_word' id='word_1_151' title='bbox 781 2340 862 2398; x_wconf 85' lang='lat' dir='ltr'>esset</span> <span class='ocrx_word' id='word_1_152' title='bbox 880 2333 1054 2410; x_wconf 83' lang='lat' dir='ltr'>dicendum,</span> <span class='ocrx_word' id='word_1_153' title='bbox 1079 2330 1202 2416; x_wconf 76' lang='lat' dir='ltr'>aliaque</span> 
     </span>
     <span class='ocr_line' id='line_1_20' title="bbox 156 2438 1199 2528; baseline -0.005 -19"><span class='ocrx_word' id='word_1_154' title='bbox 156 2441 251 2509; x_wconf 89' lang='lat' dir='ltr'>ruolta</span> <span class='ocrx_word' id='word_1_155' title='bbox 263 2441 424 2528; x_wconf 87' lang='lat' dir='ltr'>ejusmodi.</span> <span class='ocrx_word' id='word_1_156' title='bbox 436 2441 546 2525; x_wconf 84' lang='lat' dir='ltr'>Neque</span> <span class='ocrx_word' id='word_1_157' title='bbox 556 2441 588 2511; x_wconf 91' lang='lat' dir='ltr'>id</span> <span class='ocrx_word' id='word_1_158' title='bbox 597 2463 673 2526; x_wconf 89' lang='lat' dir='ltr'>puer</span> <span class='ocrx_word' id='word_1_159' title='bbox 683 2449 736 2509; x_wconf 89' lang='lat' dir='ltr'>aut</span> <span class='ocrx_word' id='word_1_160' title='bbox 746 2441 932 2515; x_wconf 87' lang='lat' dir='ltr'>adolescens,</span> <span class='ocrx_word' id='word_1_161' title='bbox 946 2445 1046 2505; x_wconf 87' lang='lat' dir='ltr'>utnos</span> <span class='ocrx_word' id='word_1_162' title='bbox 1054 2438 1199 2517; x_wconf 83' lang='lat' dir='ltr'>solemus,</span> 
     </span>
     <span class='ocr_line' id='line_1_21' title="bbox 154 2546 1202 2631; baseline 0.002 -19"><span class='ocrx_word' id='word_1_163' title='bbox 154 2549 209 2612; x_wconf 88' lang='lat' dir='ltr'>sed</span> <span class='ocrx_word' id='word_1_164' title='bbox 221 2549 267 2623; x_wconf 78' lang='lat' dir='ltr'>uir</span> <span class='ocrx_word' id='word_1_165' title='bbox 276 2557 308 2613; x_wconf 90' lang='lat' dir='ltr'>et</span> <span class='ocrx_word' id='word_1_166' title='bbox 317 2548 484 2615; x_wconf 85' lang='lat' dir='ltr'>consularis</span> <span class='ocrx_word' id='word_1_167' title='bbox 496 2556 528 2619; x_wconf 86' lang='lat' dir='ltr'>et</span> <span class='ocrx_word' id='word_1_168' title='bbox 538 2548 568 2612; x_wconf 92' lang='lat' dir='ltr'>in</span> <span class='ocrx_word' id='word_1_169' title='bbox 581 2547 723 2618; x_wconf 83' lang='lat' dir='ltr'>maximis</span> <span class='ocrx_word' id='word_1_170' title='bbox 732 2546 979 2630; x_wconf 79' lang='lat' dir='ltr'>occupationibus</span> <span class='ocrx_word' id='word_1_171' title='bbox 992 2564 1125 2631; x_wconf 75' lang='lat' dir='ltr'>quarere</span> <span class='ocrx_word' id='word_1_172' title='bbox 1135 2567 1202 2618; x_wconf 65' lang='lat' dir='ltr'>aua*</span> 
     </span>
     <span class='ocr_line' id='line_1_22' title="bbox 145 2652 1202 2739; baseline -0.005 -18"><span class='ocrx_word' id='word_1_173' title='bbox 145 2655 256 2721; x_wconf 81' lang='lat' dir='ltr'>&#39;tinuit</span> <span class='ocrx_word' id='word_1_174' title='bbox 272 2656 412 2723; x_wconf 80' lang='lat' dir='ltr'>Dictator</span> <span class='ocrx_word' id='word_1_175' title='bbox 426 2655 560 2723; x_wconf 82' lang='lat' dir='ltr'>etiamst</span> <span class='ocrx_word' id='word_1_176' title='bbox 574 2676 674 2724; x_wconf 86' lang='lat' dir='ltr'>rerum</span> <span class='ocrx_word' id='word_1_177' title='bbox 686 2655 837 2728; x_wconf 80' lang='lat' dir='ltr'>dominns,</span> <span class='ocrx_word' id='word_1_178' title='bbox 852 2675 944 2739; x_wconf 80' lang='lat' dir='ltr'>quum</span> <span class='ocrx_word' id='word_1_179' title='bbox 959 2652 1136 2724; x_wconf 79' lang='lat' dir='ltr'>Ciceronem</span> <span class='ocrx_word' id='word_1_180' title='bbox 1150 2653 1179 2724; x_wconf 89' lang='lat' dir='ltr'>in</span> <span class='ocrx_word' id='word_1_181' title='bbox 1188 2690 1202 2708; x_wconf 40' lang='grc' dir='ltr'><strong>μ</strong></span> 
     </span>
     <span class='ocr_line' id='line_1_23' title="bbox 154 2762 1203 2847; baseline -0.003 -18"><span class='ocrx_word' id='word_1_182' title='bbox 154 2762 278 2836; x_wconf 86' lang='lat' dir='ltr'>viseret,</span> <span class='ocrx_word' id='word_1_183' title='bbox 294 2771 386 2847; x_wconf 88' lang='lat' dir='ltr'>atque</span> <span class='ocrx_word' id='word_1_184' title='bbox 400 2762 431 2831; x_wconf 88' lang='lat' dir='ltr'>iu</span> <span class='ocrx_word' id='word_1_185' title='bbox 446 2784 585 2830; x_wconf 86' lang='lat' dir='ltr'>sermone</span> <span class='ocrx_word' id='word_1_186' title='bbox 596 2784 665 2829; x_wconf 88' lang='lat' dir='ltr'>cum</span> <span class='ocrx_word' id='word_1_187' title='bbox 677 2762 728 2833; x_wconf 89' lang='lat' dir='ltr'>illo</span> <span class='ocrx_word' id='word_1_188' title='bbox 745 2763 873 2835; x_wconf 81' lang='lat' dir='ltr'>Catonis</span> <span class='ocrx_word' id='word_1_189' title='bbox 888 2762 1045 2835; x_wconf 87' lang='lat' dir='ltr'>laudatore</span> <span class='ocrx_word' id='word_1_190' title='bbox 1059 2763 1203 2830; x_wconf 69' lang='grc' dir='ltr'>σπουδαῖον</span> 
     </span>
     <span class='ocr_line' id='line_1_24' title="bbox 155 2868 1202 2955; baseline 0.001 -22"><span class='ocrx_word' id='word_1_191' title='bbox 155 2874 237 2950; x_wconf 68' lang='lat' dir='ltr'>cabo,</span> <span class='ocrx_word' id='word_1_192' title='bbox 252 2870 354 2955; x_wconf 84' lang='lat' dir='ltr'>aliqua</span> <span class='ocrx_word' id='word_1_193' title='bbox 371 2872 409 2938; x_wconf 84' lang='lat' dir='ltr'>dc</span> <span class='ocrx_word' id='word_1_194' title='bbox 425 2892 517 2937; x_wconf 87' lang='lat' dir='ltr'>causa</span> <span class='ocrx_word' id='word_1_195' title='bbox 537 2870 612 2937; x_wconf 87' lang='lat' dir='ltr'>satis</span> <span class='ocrx_word' id='word_1_196' title='bbox 627 2891 682 2955; x_wconf 80' lang='lat' dir='ltr'>per</span> <span class='ocrx_word' id='word_1_197' title='bbox 700 2890 734 2943; x_wconf 82' lang='lat' dir='ltr'>oa</span> <span class='ocrx_word' id='word_1_198' title='bbox 753 2868 929 2954; x_wconf 81' lang='lat' dir='ltr'>perspicua,</span> <span class='ocrx_word' id='word_1_199' title='bbox 951 2889 1020 2936; x_wconf 82' lang='lat' dir='ltr'>asse</span> <span class='ocrx_word' id='word_1_200' title='bbox 1040 2868 1144 2942; x_wconf 87' lang='lat' dir='ltr'>vellet,</span> <span class='ocrx_word' id='word_1_201' title='bbox 1162 2868 1202 2940; x_wconf 82' lang='lat' dir='ltr'>ad</span> 
     </span>
     <span class='ocr_line' id='line_1_25' title="bbox 154 2975 1201 3064; baseline -0.006 -22"><span class='ocrx_word' id='word_1_202' title='bbox 154 2983 280 3063; x_wconf 70' lang='grc' dir='ltr'>φιλόλογα</span> <span class='ocrx_word' id='word_1_203' title='bbox 294 2976 486 3064; x_wconf 84' lang='lat' dir='ltr'>confugiebat</span> <span class='ocrx_word' id='word_1_204' title='bbox 497 2975 557 3064; x_wconf 80' lang='lat'>(7)</span> <span class='ocrx_word' id='word_1_205' title='bbox 571 2977 653 3056; x_wconf 82' lang='lat' dir='ltr'>Quid</span> <span class='ocrx_word' id='word_1_206' title='bbox 664 2976 765 3042; x_wconf 82' lang='lat' dir='ltr'>nunct</span> <span class='ocrx_word' id='word_1_207' title='bbox 782 2976 998 3061; x_wconf 82' lang='lat' dir='ltr'>Eloquentiam</span> <span class='ocrx_word' id='word_1_208' title='bbox 1013 2976 1052 3047; x_wconf 85' lang='lat' dir='ltr'>ab</span> <span class='ocrx_word' id='word_1_209' title='bbox 1065 2995 1101 3038; x_wconf 83' lang='lat' dir='ltr'>eo</span> <span class='ocrx_word' id='word_1_210' title='bbox 1114 2995 1201 3058; x_wconf 59' lang='lat' dir='ltr'>spru„</span> 
     </span>
     <span class='ocr_line' id='line_1_26' title="bbox 156 3080 1266 3170; baseline -0.007 -17"><span class='ocrx_word' id='word_1_211' title='bbox 156 3095 219 3158; x_wconf 87' lang='lat' dir='ltr'>tarn</span> <span class='ocrx_word' id='word_1_212' title='bbox 240 3083 332 3153; x_wconf 82' lang='lat' dir='ltr'>fuisse</span> <span class='ocrx_word' id='word_1_213' title='bbox 353 3085 510 3162; x_wconf 80' lang='lat' dir='ltr'>defendes,</span> <span class='ocrx_word' id='word_1_214' title='bbox 531 3086 583 3169; x_wconf 88' lang='lat' dir='ltr'>qui</span> <span class='ocrx_word' id='word_1_215' title='bbox 602 3083 810 3170; x_wconf 85' lang='lat' dir='ltr'>grammaticae</span> <span class='ocrx_word' id='word_1_216' title='bbox 829 3090 861 3151; x_wconf 87' lang='lat' dir='ltr'>at</span> <span class='ocrx_word' id='word_1_217' title='bbox 878 3083 975 3168; x_wconf 85' lang='lat' dir='ltr'>possi,</span> <span class='ocrx_word' id='word_1_218' title='bbox 996 3080 1203 3167; x_wconf 80' lang='lat' dir='ltr'>pacatioribus</span> <span class='ocrx_word' id='word_1_219' title='bbox 1261 3080 1266 3089; x_wconf 88' lang='lat'>&#39;</span> 
     </span>
     <span class='ocr_line' id='line_1_27' title="bbox 156 3186 1203 3292; baseline 0.003 -36"><span class='ocrx_word' id='word_1_220' title='bbox 156 3193 297 3264; x_wconf 82' lang='lat' dir='ltr'>multost</span> <span class='ocrx_word' id='word_1_221' title='bbox 311 3191 511 3261; x_wconf 82' lang='lat' dir='ltr'>inutilioribua</span> <span class='ocrx_word' id='word_1_222' title='bbox 521 3191 648 3267; x_wconf 82' lang='lat' dir='ltr'>artibus,</span> <span class='ocrx_word' id='word_1_223' title='bbox 662 3190 791 3261; x_wconf 89' lang='lat' dir='ltr'>multum</span> <span class='ocrx_word' id='word_1_224' title='bbox 803 3191 949 3275; x_wconf 85' lang='lat' dir='ltr'>temporis</span> <span class='ocrx_word' id='word_1_225' title='bbox 958 3210 995 3261; x_wconf 85' lang='lat' dir='ltr'>aa</span> <span class='ocrx_word' id='word_1_226' title='bbox 1005 3186 1118 3292; x_wconf 71' lang='lat' dir='ltr'>lqboria</span> <span class='ocrx_word' id='word_1_227' title='bbox 1129 3188 1203 3259; x_wconf 83' lang='lat' dir='ltr'>doro</span> 
     </span>
     <span class='ocr_line' id='line_1_28' title="bbox 156 3298 437 3371; baseline -0.021 -7"><span class='ocrx_word' id='word_1_228' title='bbox 156 3321 216 3370; x_wconf 88' lang='lat' dir='ltr'>nou</span> <span class='ocrx_word' id='word_1_229' title='bbox 232 3298 401 3371; x_wconf 76' lang='lat' dir='ltr'>dubitarat</span> <span class='ocrx_word' id='word_1_230' title='bbox 424 3330 437 3358; x_wconf 69' lang='lat' dir='ltr'>a</span> 
     </span>
    </p>

    <p class='ocr_par' dir='ltr' id='par_1_7' title="bbox 119 3402 1205 4029">
     <span class='ocr_line' id='line_1_29' title="bbox 179 3402 1204 3491; baseline -0.002 -17"><span class='ocrx_word' id='word_1_231' title='bbox 179 3445 246 3462; x_wconf 54' lang='grc' dir='ltr'>-ν-</span> <span class='ocrx_word' id='word_1_232' title='bbox 259 3407 340 3476; x_wconf 86' lang='lat' dir='ltr'>Mira</span> <span class='ocrx_word' id='word_1_233' title='bbox 360 3427 475 3480; x_wconf 87' lang='lat' dir='ltr'>narras,</span> <span class='ocrx_word' id='word_1_234' title='bbox 499 3405 596 3491; x_wconf 89' lang='lat' dir='ltr'>inquit</span> <span class='ocrx_word' id='word_1_235' title='bbox 616 3404 775 3483; x_wconf 62' lang='lat' dir='ltr'>Camillus·</span> <span class='ocrx_word' id='word_1_236' title='bbox 800 3412 832 3473; x_wconf 84' lang='lat' dir='ltr'>at</span> <span class='ocrx_word' id='word_1_237' title='bbox 858 3425 907 3469; x_wconf 88' lang='lat' dir='ltr'>ma</span> <span class='ocrx_word' id='word_1_238' title='bbox 928 3403 1092 3473; x_wconf 84' lang='lat' dir='ltr'>admodum</span> <span class='ocrx_word' id='word_1_239' title='bbox 1115 3402 1204 3488; x_wconf 91' lang='lat' dir='ltr'>juvot</span> 
     </span>
     <span class='ocr_line' id='line_1_30' title="bbox 119 3503 1202 3598; baseline -0.005 -15"><span class='ocrx_word' id='word_1_240' title='bbox 119 3553 123 3560; x_wconf 90' lang='grc'><em>·</em></span> <span class='ocrx_word' id='word_1_241' title='bbox 155 3516 333 3584; x_wconf 85' lang='lat' dir='ltr'>dictatorius</span> <span class='ocrx_word' id='word_1_242' title='bbox 344 3516 402 3582; x_wconf 81' lang='lat' dir='ltr'>iste</span> <span class='ocrx_word' id='word_1_243' title='bbox 414 3503 653 3598; x_wconf 60' lang='lat' dir='ltr'>et‘triumphalis</span> <span class='ocrx_word' id='word_1_244' title='bbox 667 3513 896 3598; x_wconf 83' lang='lat' dir='ltr'>grammaticus.</span> <span class='ocrx_word' id='word_1_245' title='bbox 913 3513 1014 3591; x_wconf 78' lang='lat' dir='ltr'>Quam</span> <span class='ocrx_word' id='word_1_246' title='bbox 1029 3511 1069 3574; x_wconf 93' lang='lat' dir='ltr'>ob</span> <span class='ocrx_word' id='word_1_247' title='bbox 1080 3530 1202 3578; x_wconf 87' lang='lat' dir='ltr'>oausam</span> 
     </span>
     <span class='ocr_line' id='line_1_31' title="bbox 138 3596 1204 3705; baseline -0.007 -17"><span class='ocrx_word' id='word_1_248' title='bbox 138 3596 260 3688; x_wconf 68' lang='lat' dir='ltr'>⁸autem</span> <span class='ocrx_word' id='word_1_249' title='bbox 277 3622 458 3687; x_wconf 88' lang='lat' dir='ltr'>rhetoricam</span> <span class='ocrx_word' id='word_1_250' title='bbox 471 3621 622 3705; x_wconf 84' lang='lat' dir='ltr'>didicerit,</span> <span class='ocrx_word' id='word_1_251' title='bbox 636 3643 696 3686; x_wconf 91' lang='lat' dir='ltr'>non</span> <span class='ocrx_word' id='word_1_252' title='bbox 712 3620 832 3687; x_wconf 89' lang='lat' dir='ltr'>invenio</span> <span class='ocrx_word' id='word_1_253' title='bbox 850 3643 856 3682; x_wconf 94' lang='lat'><strong>:</strong></span> <span class='ocrx_word' id='word_1_254' title='bbox 874 3619 933 3684; x_wconf 90' lang='lat' dir='ltr'>nisi</span> <span class='ocrx_word' id='word_1_255' title='bbox 952 3618 1031 3688; x_wconf 82' lang='lat' dir='ltr'>forte</span> <span class='ocrx_word' id='word_1_256' title='bbox 1046 3639 1113 3685; x_wconf 86' lang='lat' dir='ltr'>cam</span> <span class='ocrx_word' id='word_1_257' title='bbox 1126 3617 1204 3682; x_wconf 83' lang='lat' dir='ltr'>sciro</span> 
     </span>
     <span class='ocr_line' id='line_1_32' title="bbox 159 3725 1205 3813; baseline -0.009 -16"><span class='ocrx_word' id='word_1_258' title='bbox 159 3732 299 3804; x_wconf 80' lang='lat' dir='ltr'>uoluerit.</span> <span class='ocrx_word' id='word_1_259' title='bbox 311 3739 346 3796; x_wconf 90' lang='lat' dir='ltr'>ut</span> <span class='ocrx_word' id='word_1_260' title='bbox 355 3752 393 3796; x_wconf 83' lang='lat' dir='ltr'>aa</span> <span class='ocrx_word' id='word_1_261' title='bbox 402 3751 440 3796; x_wconf 86' lang='lat' dir='ltr'>nc</span> <span class='ocrx_word' id='word_1_262' title='bbox 449 3736 597 3799; x_wconf 86' lang='lat' dir='ltr'>uteretur.</span> <span class='ocrx_word' id='word_1_263' title='bbox 608 3730 791 3813; x_wconf 76' lang='lat' dir='ltr'>Quanquam</span> <span class='ocrx_word' id='word_1_264' title='bbox 804 3727 883 3797; x_wconf 87' lang='lat' dir='ltr'>enim</span> <span class='ocrx_word' id='word_1_265' title='bbox 894 3728 1041 3793; x_wconf 81' lang='lat' dir='ltr'>adversus</span> <span class='ocrx_word' id='word_1_266' title='bbox 1052 3726 1112 3795; x_wconf 84' lang='lat' dir='ltr'>ista</span> <span class='ocrx_word' id='word_1_267' title='bbox 1121 3725 1205 3790; x_wconf 85' lang='lat' dir='ltr'>tosti·</span> 
     </span>
     <span class='ocr_line' id='line_1_33' title="bbox 159 3833 1205 3922; baseline -0.006 -18"><span class='ocrx_word' id='word_1_268' title='bbox 159 3839 260 3908; x_wconf 89' lang='lat' dir='ltr'>monia</span> <span class='ocrx_word' id='word_1_269' title='bbox 280 3839 353 3903; x_wconf 89' lang='lat' dir='ltr'>nihil</span> <span class='ocrx_word' id='word_1_270' title='bbox 373 3836 480 3904; x_wconf 83' lang='lat' dir='ltr'>afferre</span> <span class='ocrx_word' id='word_1_271' title='bbox 501 3857 579 3922; x_wconf 90' lang='lat' dir='ltr'>queo</span> <span class='ocrx_word' id='word_1_272' title='bbox 594 3858 654 3902; x_wconf 92' lang='lat' dir='ltr'>non</span> <span class='ocrx_word' id='word_1_273' title='bbox 674 3836 772 3920; x_wconf 83' lang='lat' dir='ltr'>magis</span> <span class='ocrx_word' id='word_1_274' title='bbox 793 3854 917 3920; x_wconf 75' lang='lat' dir='ltr'>pomum</span> <span class='ocrx_word' id='word_1_275' title='bbox 933 3833 964 3900; x_wconf 94' lang='lat' dir='ltr'>in</span> <span class='ocrx_word' id='word_1_276' title='bbox 981 3833 1205 3901; x_wconf 75' lang='lat' dir='ltr'>commentariis</span> 
     </span>
     <span class='ocr_line' id='line_1_34' title="bbox 157 3941 1201 4029; baseline -0.011 -16"><span class='ocrx_word' id='word_1_277' title='bbox 157 3946 225 4015; x_wconf 84' lang='lat' dir='ltr'>istis</span> <span class='ocrx_word' id='word_1_278' title='bbox 239 3944 463 4018; x_wconf 73' lang='lat' dir='ltr'>festinationem</span> <span class='ocrx_word' id='word_1_279' title='bbox 478 3947 642 4029; x_wconf 86' lang='lat' dir='ltr'>quamdam</span> <span class='ocrx_word' id='word_1_280' title='bbox 657 3943 839 4015; x_wconf 85' lang='lat' dir='ltr'>incuriosam</span> <span class='ocrx_word' id='word_1_281' title='bbox 858 3965 918 4010; x_wconf 92' lang='lat' dir='ltr'>non</span> <span class='ocrx_word' id='word_1_282' title='bbox 940 3941 1201 4014; x_wconf 65' lang='lat' dir='ltr'>animadvertam</span> 
     </span>
    </p>
   </div>
   <div class='ocr_carea' id='block_1_7' title="bbox 194 4210 1143 4479">
    <p class='ocr_par' dir='ltr' id='par_1_8' title="bbox 194 4210 1143 4479">
     <span class='ocr_line' id='line_1_35' title="bbox 194 4210 1081 4289; baseline -0.01 -15"><span class='ocrx_word' id='word_1_283' title='bbox 194 4223 227 4289; x_wconf 87' lang='lat' dir='ltr'>(l)</span> <span class='ocrx_word' id='word_1_284' title='bbox 245 4226 311 4275; x_wconf 82' lang='lat' dir='ltr'>Suet.</span> <span class='ocrx_word' id='word_1_285' title='bbox 323 4223 383 4278; x_wconf 76' lang='lat' dir='ltr'>Cas,</span> <span class='ocrx_word' id='word_1_286' title='bbox 393 4225 429 4275; x_wconf 78' lang='grc'>56.</span> <span class='ocrx_word' id='word_1_287' title='bbox 443 4220 500 4275; x_wconf 81' lang='lat' dir='ltr'>vid.</span> <span class='ocrx_word' id='word_1_288' title='bbox 515 4210 670 4272; x_wconf 70' lang='lat' dir='ltr'>ardomain</span> <span class='ocrx_word' id='word_1_289' title='bbox 683 4216 811 4270; x_wconf 78' lang='lat' dir='ltr'>commod</span> <span class='ocrx_word' id='word_1_290' title='bbox 823 4221 867 4271; x_wconf 85' lang='lat' dir='ltr'>Or.</span> <span class='ocrx_word' id='word_1_291' title='bbox 880 4233 925 4284; x_wconf 84' lang='lat' dir='ltr'>pro</span> <span class='ocrx_word' id='word_1_292' title='bbox 935 4221 973 4270; x_wconf 87' lang='grc' dir='ltr'>Μ.</span> <span class='ocrx_word' id='word_1_293' title='bbox 984 4220 1081 4269; x_wconf 83' lang='lat' dir='ltr'>Scauro.</span> 
     </span>
     <span class='ocr_line' id='line_1_36' title="bbox 195 4304 982 4381; baseline -0.006 -17"><span class='ocrx_word' id='word_1_294' title='bbox 195 4315 227 4381; x_wconf 76' lang='lat'>(2)</span> <span class='ocrx_word' id='word_1_295' title='bbox 246 4316 304 4368; x_wconf 82' lang='lat' dir='ltr'>Tac.</span> <span class='ocrx_word' id='word_1_296' title='bbox 316 4315 363 4365; x_wconf 90' lang='lat' dir='ltr'>Or.</span> <span class='ocrx_word' id='word_1_297' title='bbox 372 4315 408 4363; x_wconf 65' lang='lat' dir='ltr'>it.</span> <span class='ocrx_word' id='word_1_298' title='bbox 419 4340 455 4352; x_wconf 89' lang='lat'>-</span> <span class='ocrx_word' id='word_1_299' title='bbox 463 4308 496 4380; x_wconf 79' lang='lat'>(3)</span> <span class='ocrx_word' id='word_1_300' title='bbox 508 4314 575 4364; x_wconf 86' lang='lat' dir='ltr'>Suet.</span> <span class='ocrx_word' id='word_1_301' title='bbox 589 4311 649 4362; x_wconf 86' lang='lat' dir='ltr'>Caes.</span> <span class='ocrx_word' id='word_1_302' title='bbox 664 4311 700 4362; x_wconf 79' lang='lat'>56.</span> <span class='ocrx_word' id='word_1_303' title='bbox 713 4337 747 4345; x_wconf 94' lang='lat'>—</span> <span class='ocrx_word' id='word_1_304' title='bbox 760 4304 792 4377; x_wconf 82' lang='lat' dir='ltr'>(t)</span> <span class='ocrx_word' id='word_1_305' title='bbox 803 4309 855 4362; x_wconf 81' lang='lat' dir='ltr'>Cic.</span> <span class='ocrx_word' id='word_1_306' title='bbox 866 4311 934 4358; x_wconf 88' lang='lat' dir='ltr'>Brut.</span> <span class='ocrx_word' id='word_1_307' title='bbox 945 4309 982 4359; x_wconf 67' lang='lat'>72.</span> 
     </span>
     <span class='ocr_line' id='line_1_37' title="bbox 197 4395 1143 4479; baseline -0.012 -24"><span class='ocrx_word' id='word_1_308' title='bbox 197 4402 229 4479; x_wconf 70' lang='lat' dir='ltr'>(a)</span> <span class='ocrx_word' id='word_1_309' title='bbox 250 4407 281 4462; x_wconf 74' lang='lat' dir='ltr'>t.</span> <span class='ocrx_word' id='word_1_310' title='bbox 291 4402 358 4462; x_wconf 75' lang='lat' dir='ltr'>ceu.</span> <span class='ocrx_word' id='word_1_311' title='bbox 370 4404 408 4466; x_wconf 84' lang='lat' dir='ltr'>ro,</span> <span class='ocrx_word' id='word_1_312' title='bbox 421 4403 442 4453; x_wconf 85' lang='lat' dir='ltr'>o.</span> <span class='ocrx_word' id='word_1_313' title='bbox 453 4399 531 4469; x_wconf 69' lang='lat' dir='ltr'>-ro</span> <span class='ocrx_word' id='word_1_314' title='bbox 542 4404 573 4456; x_wconf 80' lang='lat' dir='ltr'>n.</span> <span class='ocrx_word' id='word_1_315' title='bbox 587 4398 652 4453; x_wconf 76' lang='lat' dir='ltr'>cerr.</span> <span class='ocrx_word' id='word_1_316' title='bbox 662 4401 685 4466; x_wconf 84' lang='lat' dir='ltr'>c,</span> <span class='ocrx_word' id='word_1_317' title='bbox 696 4399 731 4450; x_wconf 85' lang='lat' dir='ltr'>rr.</span> <span class='ocrx_word' id='word_1_318' title='bbox 741 4424 776 4439; x_wconf 83' lang='lat'>-</span> <span class='ocrx_word' id='word_1_319' title='bbox 786 4400 819 4464; x_wconf 72' lang='lat' dir='ltr'>tr)</span> <span class='ocrx_word' id='word_1_320' title='bbox 833 4397 884 4455; x_wconf 73' lang='lat' dir='ltr'>cre.</span> <span class='ocrx_word' id='word_1_321' title='bbox 897 4401 945 4467; x_wconf 78' lang='lat' dir='ltr'>up.</span> <span class='ocrx_word' id='word_1_322' title='bbox 956 4395 986 4449; x_wconf 78' lang='lat' dir='ltr'>aa</span> <span class='ocrx_word' id='word_1_323' title='bbox 997 4397 1048 4451; x_wconf 78' lang='lat' dir='ltr'>ao.</span> <span class='ocrx_word' id='word_1_324' title='bbox 1061 4395 1097 4461; x_wconf 81' lang='lat' dir='ltr'>ro,</span> <span class='ocrx_word' id='word_1_325' title='bbox 1108 4396 1143 4452; x_wconf 81' lang='lat' dir='ltr'>rr.</span> 
     </span>
    </p>
   </div>
   <div class='ocr_carea' id='block_1_8' title="bbox 229 4716 254 4755">
    <p class='ocr_par' dir='ltr' id='par_1_9' title="bbox 229 4716 254 4755">
     <span class='ocr_line' id='line_1_38' title="bbox 229 4716 254 4755; baseline 0 0"><span class='ocrx_word' id='word_1_326' title='bbox 229 4716 254 4755; x_wconf 66' lang='lat' dir='ltr'>&#39;ia</span> 
     </span>
    </p>
   </div>
   <div class='ocr_carea' id='block_1_9' title="bbox 0 0 1376 4966">
    <p class='ocr_par' dir='ltr' id='par_1_10' title="bbox 0 0 1376 4966">
     <span class='ocr_line' id='line_1_39' title="bbox 0 0 1376 4966; baseline 0 0"><span class='ocrx_word' id='word_1_327' title='bbox 0 0 1376 4966; x_wconf 95' lang='lat' dir='ltr'> </span> 
     </span>
    </p>
   </div>
  </div>
 </body>
</html>
