2730 4966
593 356 766 420 ..13-

152 517 250 573 sacru,
270 503 386 560 manat.
401 497 593 560 Acerrimum
610 517 730 579 quoque
745 503 776 560 et
792 496 984 562 fastidiosum
999 499 1115 583 patricii
1133 502 1198 564 Ro-

151 605 234 667 mani
247 604 393 690 judicium
410 606 574 669 notandum
590 614 650 683 est,
667 606 748 688 quod
763 605 837 669 nihil
853 607 1007 690 putidum,
1026 607 1100 671 nihil
1115 617 1200 672 vete-

152 711 309 787 ratorium¹
329 711 393 794 pati
415 711 527 794 possit;
546 711 677 796 gratiam
694 733 779 795 vero,
798 721 829 777 et
849 714 959 789 decus,
979 722 1010 778 et
1034 714 1201 798 pulchritu-

152 818 267 911 dipem,
286 817 372 900 quasi
392 819 524 901 quodam
540 819 685 881 subtiliori
703 815 793 884 sensu
815 814 981 903 percipere,
1003 828 1034 884 et
1054 821 1134 891 ultro
1149 843 1203 903 per

152 925 249 988 otium
265 934 370 1008 atque,
383 937 418 989 ut
434 926 478 988 ita
493 926 604 1004 dicam,
618 947 671 1009 per
681 928 780 1011 jocum
797 928 967 1010 exprimere
980 929 1090 992 valeat.
1109 929 1203 992 Nuda

151 1032 246 1118 igitur
259 1034 325 1119 ejus
349 1032 446 1095 oratio
463 1040 509 1096 est
524 1041 555 1095 et
570 1031 684 1096 inculta
703 1057 710 1096 :
729 1034 801 1117 quid
816 1043 918 1098 autent
940 1036 1028 1121 juvat
1051 1037 1132 1119 quod
1148 1058 1202 1119 per

152 1161 187 1203 se
214 1140 393 1203 suavissimo
418 1140 535 1203 renidet
559 1141 669 1214 colore,
688 1143 817 1205 candore
843 1149 897 1205 aut
922 1143 1028 1207 rubore
1052 1144 1202 1207 medicato

153 1247 278 1332 pingere
294 1269 329 1310 ao
343 1248 494 1331 pollueret
510 1248 605 1318 Casta
620 1247 684 1330 haec
697 1257 744 1312 est
757 1249 856 1334 virgo,
869 1250 1044 1334 incorrupta
1057 1266 1089 1315 et
1104 1252 1212 1329 rudis„

153 1363 233 1438 quae,
244 1355 483 1440 calamistrorum
495 1363 548 1418 aut
560 1355 791 1440 margaritarum
802 1367 840 1420 n'e
848 1379 957 1422 nomen
969 1359 1091 1442 quidem
1102 1359 1199 1435 novit;

153 1483 231 1546 quae,
249 1463 369 1546 qualem
384 1471 495 1526 natura
510 1462 611 1544 finxit,
627 1469 696 1526 esse
710 1465 824 1547 gaudet
838 1465 991 1549 incompta
1006 1472 1037 1527 et
1049 1465 1200 1548 inornata,

153 1550 307 1653 qufmqoe
324 1569 355 1632 id
370 1571 470 1659 ipsum
486 1570 585 1632 decet.

199 1675 349 1755 Quunrvis
365 1691 466 1738 autem
483 1675 554 1738 mihi
569 1673 658 1738 valde
670 1675 788 1758 placeat
799 1698 895 1761 genus
907 1677 979 1741 illud
992 1665 1110 1744 dicendi
1127 1688 1203 1745 tem·

153 1788 307 1866 peratum,
325 1782 496 1845 verecunda
512 1788 631 1844 tantum
658 1802 693 1845 ac
713 1782 822 1845 decora
838 1784 1033 1867 simplicitate
1048 1795 1200 1865 ornatum,

153 1910 215 1952 non
229 1910 277 1952 me
294 1887 371 1952 fallit
386 1887 412 1951 ei
429 1887 505 1950 nihil
523 1887 621 1950 inesse
634 1889 715 1971 quod
729 1888 813 1973 vulgi
825 1891 1055 1955 admirationem
1068 1916 1202 1959 commo-

153 2003 239 2060 veat.
258 1995 425 2060 Delicatior
439 1995 523 2059 cibus
541 1995 591 2058 ille
608 2003 655 2058 est
673 2017 763 2078 quum
782 2004 815 2058 ut
827 1998 966 2060 obtusum
987 2007 1017 2061 et
1030 2000 1104 2062 rude
1116 2001 1203 2084 pala·

156 2113 220 2168 tum
240 2104 336 2186 possit
360 2111 495 2188 tangere.
520 2100 732 2166 Confitendum
754 2112 801 2165 est
816 2102 908 2188 igitur
926 2125 986 2167 non
1004 2105 1074 2169 inde
1091 2106 1204 2173 Caesari

154 2210 319 2296 contigisse
339 2210 481 2273 eximiam
502 2210 585 2272 illum
601 2210 729 2273 oratoris
742 2208 869 2273 famam.
887 2212 978 2276 Unde
996 2212 1089 2296 igitur
1104 2222 1202 2281 ortam

155 2339 223 2380 esse
240 2317 416 2380 credamus!
431 2316 530 2382 Venio
548 2338 628 2381 nuno
646 2317 684 2380 ad
699 2318 983 2401 praestantissimam
1004 2319 1083 2385 illius
1100 2323 1203 2389 dotem

156 2433 188 2486 et
209 2422 396 2499 facultatem,
423 2444 490 2507 quae
510 2424 633 2507 quidem
649 2423 729 2486 haud
743 2423 805 2487 scio
825 2444 865 2486 an
887 2424 1021 2502 nullo-io
1044 2427 1115 2500 atio,
1140 2429 1204 2494 sive

156 2539 285 2607 oratore,
304 2530 368 2594 sive
383 2531 518 2602 homine,
539 2538 624 2592 tanta
636 2550 770 2613 unquam
787 2527 877 2593 fuerit
892 2551 899 2593 :
917 2530 1073 2596 scientiam
1091 2534 1157 2599 dico
1172 2545 1205 2602 et

155 2660 244 2702 usum
257 2638 399 2701 hominis,
418 2639 494 2724 Ejus
511 2639 655 2710 virtutes,
674 2638 739 2722 ejus
756 2636 840 2714 vitia,
862 2638 1011 2722 quidquid
1024 2640 1104 2707 inest
1120 2643 1201 2728 boni,

156 2745 304 2830 quidquid
322 2745 393 2807 mali
408 2745 520 2828 pariter
535 2744 630 2807 novit.
646 2743 716 2807 Hoc
731 2744 758 2806 ei
774 2743 919 2809 divinitus
936 2746 1040 2810 datum
1058 2769 1124 2812 esse
1136 2772 1204 2814 ore·

157 2853 222 2927 das,
250 2861 283 2916 ut
307 2852 389 2917 nulla
416 2853 441 2914 ei
466 2859 589 2934 pectora
604 2860 704 2914 essent
725 2851 844 2926 clausa;
861 2861 894 2915 ut
913 2851 944 2914 in
966 2855 1068 2918 omnia
1084 2858 1204 2940 penitus

155 2960 336 3043 penitusque
351 2960 534 3022 descendere
555 2959 671 3033 liceret,
693 2945 858 3042 eorumque
875 2979 980 3024 omnes
1001 2983 1136 3026 recessus
1149 2986 1203 3046 pe-

156 3074 289 3149 netrare,
304 3087 408 3128 omnes
417 3067 551 3128 latebras
560 3065 755 3148 perlustrare.
767 3066 847 3130 Cum
857 3067 949 3151 igitur
961 3069 1000 3130 ad
1012 3089 1048 3132 ea
1059 3071 1205 3153 capienda

155 3174 251 3238 aciem
267 3171 389 3235 instruit
404 3178 616 3254 tormentaque
634 3171 788 3249 admovet,
808 3171 952 3255 quidquid
970 3174 999 3237 in
1015 3175 1072 3237 illis
1085 3179 1203 3242 firmum

156 3291 203 3344 est
218 3267 361 3361 aditoque
378 3276 490 3340 difficili
507 3277 604 3360 primo
617 3276 721 3340 statim
735 3288 860 3360 aspectu
875 3290 1069 3363 perspectum
1082 3293 1203 3348 notum-

157 3409 215 3470 que
231 3386 326 3459 vitat;
346 3384 494 3469 quidquid
512 3396 614 3448 autem
625 3380 684 3446 'aut
701 3395 917 3476 repertumst,
935 3397 987 3450 aut
1002 3388 1202 3469 indefensum,

156 3503 210 3558 aut
227 3495 324 3556 minus
338 3487 478 3575 arduum,
492 3492 630 3575 protinus
641 3491 738 3555 sensit
753 3502 846 3574 atque
858 3493 981 3557 invasit.
995 3496 1078 3578 Ergo
1090 3497 1206 3561 animos

157 3610 302 3685 tanquam
313 3600 450 3683 captivos
464 3607 576 3663 tractat
589 3612 620 3664 et
633 3600 726 3685 regit5
737 3621 789 3662 eos
804 3600 899 3664 tlectit
911 3623 947 3665 ac
959 3610 1206 3686 ternperat,uunc

157 3713 245 3784 sedat
260 3710 366 3788 iratoS,
382 3691 461 3771 nunc
476 3706 589 3770 fractus
611 3707 699 3791 erigit
714 3716 806 3789 atque
821 3708 960 3791 impellit,
979 3711 1020 3773 ad
1035 3710 1203 3778 arbitrium.

157 3816 251 3880 Haud
266 3815 353 3878 aliter
369 3815 450 3899 apud
466 3806 629 3900 Virgilium
645 3824 804 3878 venturum
822 3837 924 3899 regem
940 3816 1079 3882 videmus
1095 3821 1206 3904 populo

158 3944 212 3985 suu
229 3922 427 4005 imperantem
449 3945 455 3983 ε

641 4023 717 4072 Celsa
729 4024 805 4073 sodet
817 4024 904 4074 AEolus
917 4041 976 4074 arce

314 4116 419 4179 Sceptra
432 4120 533 4171 teneus,
550 4112 688 4178 mollitque
701 4113 801 4162 animos
817 4119 843 4163 et
855 4118 982 4178 temperat
994 4118 1053 4164 iras.

203 4245 305 4308 Caesar
328 4253 430 4307 autem
455 4243 484 4305 iu
511 4243 688 4306 molliendos
708 4243 825 4307 animos
844 4251 896 4307 aut
914 4244 974 4308 iras
994 4248 1208 4329 temperandas

159 4372 217 4413 non
235 4351 362 4413 multum
379 4369 476 4432 operae
495 4350 666 4432 insumpsit.
686 4352 815 4433 Sceptra
828 4349 855 4414 ei
872 4365 940 4414 sunt
956 4351 1048 4414 aculei
1069 4362 1099 4416 et
1111 4351 1205 4436 laces,
