2730 4966
692 347 832 414 ..e-

230 566 234 571 ,
249 521 307 582 non
317 521 439 583 possum
449 521 509 562 non
518 506 625 561 notare
635 518 783 559 summanr
795 495 1009 579 negligentiam
1022 495 1147 558 istorum
1161 482 1298 559 omniurn

248 604 355 670 florum
371 607 436 669 siue
448 607 542 671 odore
557 613 587 669 et
607 625 695 667 succo
713 603 865 666 rhetorum
883 594 1021 665 inanibus
1042 601 1200 675 factorum,
1216 623 1300 665 sum·

250 708 392 796 urumque
407 712 498 775 etiarn
512 717 732 794 contemptum.

292 857 333 868 —
351 817 572 882 Controversia
591 817 681 904 hujus
698 826 818 894 vestrae,
837 803 937 898 inquit
951 814 1109 889 AEmilius,
1131 815 1248 877 facilem
1268 822 1300 878 et

248 926 425 1010 expeditum
442 927 532 989 finem
550 924 614 989 fore
635 923 789 999 existima,
815 923 840 986 si
862 944 925 985 rem
948 930 1065 986 attente
1084 921 1296 1004 inspiciamus,

250 1031 491 1096 Commentarios
509 1032 589 1094 enim
606 1031 673 1093 illos
687 1008 746 1092 hon
759 1051 879 1095 summa
896 1050 967 1092 cura
983 1028 1113 1112 scriptos
1133 1049 1200 1091 esse
1217 1050 1296 1092 reor.

249 1139 330 1216 Quid
343 1148 446 1203 autem
462 1138 586 1202 miruml
599 1139 684 1204 Num
697 1137 852 1201 historiam
866 1157 965 1199 rerum
978 1156 1100 1198 suarum
1116 1156 1300 1218 componere

247 1246 344 1310 voluit
354 1246 470 1311 Caesarl
483 1247 610 1309 Minime
623 1268 631 1308 ε
642 1244 758 1313 sedeas
768 1243 819 1329 qui
831 1244 938 1306 deiude
949 1225 1079 1327 scribere
1091 1263 1158 1306 earu
1170 1244 1296 1316 uellent,

249 1362 357 1436 parata
372 1354 484 1416 hahere
503 1353 604 1416 omnia
620 1354 699 1415 unde
720 1359 887 1417 sumerent.
912 1351 1032 1434 Itaque,
1057 1359 1091 1413 ut
1112 1353 1157 1413 ait
1174 1348 1296 1426 Cicero,

253 1490 266 1512 u
286 1462 358 1524 nudi
371 1469 451 1541 suut,
471 1461 544 1523 recti
564 1483 600 1523 ac
608 1459 739 1533 venusti,
756 1458 838 1521 omni
850 1463 959 1520 ornatu
976 1457 1130 1530 orationis,
1149 1466 1299 1539 tanquam

248 1576 333 1630 veste
350 1569 487 1631 detracto
500 1567 550 1653 (l).
567 1599 578 1621 a
595 1567 739 1649 Optirffus
753 1557 846 1648 igitur
857 1565 907 1627 ille
926 1565 1104 1636 aestimator,
1119 1576 1300 1627 ornamenta
1336 1568 1344 1581 “

249 1695 316 1737 earn
338 1697 398 1737 non
419 1675 509 1736 modo
530 1695 589 1736 uon
611 1671 782 1744 affectasse,
806 1673 862 1739 sed
887 1672 979 1735 etiam
999 1671 1168 1736 detraxisse
1193 1673 1295 1736 docet.

249 1781 365 1869 Audite
380 1782 472 1844 etiam
487 1766 635 1852 Hirtiqu
653 1790 708 1842 aut·
721 1779 804 1842 illurn
819 1779 912 1843 alium
925 1776 1092 1862 quemlihet
1108 1800 1146 1841 ex
1167 1776 1300 1849 Caesaris

248 1887 354 1950 amicis
371 1885 422 1971 qui
435 1887 667 1952 commentarios
684 1886 873 1995 peragendos
890 1893 921 1948 et
936 1885 974 1948 ad
988 1892 1117 1948 mortem
1141 1886 1299 1950 dictatoris
1349 1964 1352 1969 Α

201 1982 219 2019 ⁰
248 1995 455 2081 perducendos
466 1972 609 2077 suscepit,
625 1999 791 2057 testantem
806 1990 946 2056 facillime
963 2012 998 2053 ac
1010 1991 1165 2054 celerrime
1177 1991 1208 2054 id
1221 2013 1299 2074 opus
1340 2067 1343 2071 ¹

249 2101 289 2164 oh
307 2122 343 2162 eo
361 2100 527 2181 perfectum
544 2099 634 2161 fuisse
652 2098 704 2184 (2).
729 2098 808 2173 Imo‚
831 2119 890 2161 nou
912 2095 1038 2180 perfecit
1059 2097 1139 2180 ipse;
1165 2105 1198 2163 et
1220 2101 1298 2162 adeo

151 2263 156 2274 ,
249 2227 308 2267 non
324 2207 404 2267 omni
429 2214 494 2268 arte
516 2205 673 2267 historiam
689 2204 843 2269 elaborare
860 2210 953 2287 atque
974 2204 1108 2288 expolire
1124 2215 1178 2268 aut
1197 2208 1298 2288 potuit

178 2397 182 2401 .
236 2321 302 2376 'aut
317 2313 425 2395 voluit,
440 2322 472 2376 ut
487 2333 524 2374 ne
540 2311 699 2376 materiam
713 2311 834 2394 quidem
850 2311 982 2375 historiae
994 2313 1032 2374 ad
1044 2313 1134 2379 finem
1147 2315 1297 2395 perduxe-

248 2421 298 2496 rit,
317 2421 417 2483 sedin
435 2421 534 2482 medio
552 2440 650 2482 rerum
666 2441 788 2482 suarum
806 2439 895 2482 cursu
909 2419 1108 2502 interruptam
1128 2420 1294 2503 reliquerit.

244 2524 330 2604 Quid
342 2527 432 2610 igitur
445 2529 547 2591 obstat
559 2527 630 2609 quin
647 2526 789 2610 Pollioni,
806 2526 937 2590 Caesaris
948 2528 1045 2590 amico
1056 2535 1087 2589 et
1103 2527 1216 2610 legato,
1230 2550 1296 2592 cre-

248 2633 366 2710 damus,
386 2653 492 2715 parum
507 2633 667 2717 diligenter
687 2634 871 2716 compositos
888 2633 979 2699 fuisse
996 2635 1063 2697 illos
1076 2635 1168 2696 libros
1184 2644 1215 2696 et
1230 2630 1303 2698 res?
1343 2630 1345 2634 ’

249 2737 413 2820 cripturum
434 2761 502 2802 eum
525 2759 560 2803 ac
584 2747 788 2805 correcturum
813 2740 905 2803 fuisse
928 2741 966 2825 ¹33)
989 2741 1121 2804 dicentit
1148 2742 1188 2804 Ni
1208 2740 1296 2805 fallor

215 2888 220 2897 -
247 2844 349 2928 igitur,
368 2854 402 2908 ut
420 2846 652 2910 commentarios
668 2868 728 2909 non
741 2840 898 2919 historiam
916 2849 969 2910 sed
982 2847 1116 2911 historiae
1132 2849 1294 2912 materiam

220 2986 227 2995 ·
248 2972 314 3014 esse
332 2958 462 3031 constat,
480 2952 523 3016 ita
538 2953 696 3017 conciones
714 2954 745 3016 iu
767 2956 804 3018 iis
819 2955 941 3027 relatas,
961 2975 1020 3019 non
1039 2955 1198 3018 conciones
1212 2952 1296 3038 ipsas

180 3044 187 3056 ⁰
247 3059 352 3142 quales
363 3060 428 3143 ipse
438 3051 624 3138 hohriit,sed
637 3083 739 3126 earum
751 3062 908 3125 materiam
922 3060 1111 3125 crediderim.
1128 3062 1191 3124 Res
1203 3063 1297 3147 igitur

246 3172 278 3229 et
297 3165 430 3253 rationes
451 3167 565 3241 attulit,
587 3170 680 3231 verba
700 3169 846 3252 neglexit.
870 3167 906 3231 Id
926 3175 1013 3232 certe
1035 3166 1229 3231 manifestum
1247 3178 1296 3233 est

246 3279 328 3334 recto
357 3292 426 3335 eum
454 3293 593 3336 sermone
619 3274 650 3335 iu
677 3274 864 3356 alloquendis
885 3272 1037 3337 ‘militibus
1064 3294 1152 3335 usum
1178 3272 1291 3350 fuisse,

191 3388 197 3403 ²
246 3392 356 3462 nequo,
371 3385 407 3443 ut
421 3377 451 3443 iu
470 3380 695 3443 commentariis
710 3367 831 3442 solitum
853 3401 921 3442 esse
936 3399 1025 3442 nemo
1043 3379 1149 3456 nescit,
1169 3381 1206 3442 ad
1219 3402 1297 3463 prae-

246 3494 348 3548 sentes
359 3480 452 3568 atque
464 3486 621 3549 audientes
632 3486 759 3550 inversis
768 3487 866 3550 modis
878 3468 1011 3550 locutum
1026 3507 1103 3565 esse,
1122 3486 1246 3570 perinde
1258 3509 1309 3581 ac.
1326 3518 1329 3526 ·

246 3591 271 3654 si
287 3594 498 3656 tantummodo
511 3588 530 3655 a
542 3615 575 3656 se
587 3594 667 3657 diota
678 3603 826 3657 narraret.

290 3699 361 3762 Non
372 3700 462 3783 igitur
475 3690 627 3765 immerito
636 3700 782 3767 Camillus
792 3700 821 3762 iu
832 3700 868 3764 iis
878 3703 1071 3766 concionibus
1081 3703 1197 3767 invenit
1208 3702 1296 3787 quid-

226 3804 229 3808 ’
245 3803 319 3887 (laid
335 3798 590 3887 adinventionem
602 3810 753 3892 pertinet;
774 3809 919 3892 quidquid
935 3819 1037 3874 autem
1053 3810 1229 3875 elocutionis
1245 3820 1294 3876 est

244 3933 303 3976 uon
315 3913 443 3997 invenit,
459 3916 599 3999 quianon
610 3925 687 3980 erat.
704 3918 783 3981 Ossa
800 3924 919 3982 tantum
931 3927 963 3982 et
974 3938 1085 3983 nervos
1105 3919 1177 3982 mihi
1190 3920 1293 3983 videre

140 4006 145 4015 ”
238 4019 359 4097 'videon
379 4043 500 4086 succum
513 4031 615 4086 autem
628 4033 658 4087 et
670 4023 846 4109 sauguinem
861 4033 891 4090 et
907 4026 1036 4090 colorem
1052 4026 1163 4092 frustra
1174 4049 1289 4111 quaero.

286 4129 333 4193 Tu
353 4130 456 4214 igitur,
473 4131 608 4206 studiose
627 4132 911 4197 commentariorum
928 4134 1034 4211 lector,
1052 4134 1127 4221 quid
1144 4157 1184 4198 ex
1199 4135 1236 4199 iis
1250 4137 1290 4199 de

278 4359 309 4422 tl)
327 4360 378 4411 Cir.
393 4365 457 4415 ttrnt.
468 4365 505 4412 75.
515 4387 550 4399 -
559 4362 591 4425 (2)
603 4363 661 4414 Cas.
676 4361 706 4412 da
716 4361 778 4412 Bell.
791 4361 857 4415 Gall.
868 4365 891 4423 8,
901 4365 922 4412 t.
933 4389 967 4400 -
979 4365 1011 4428 (3)
1023 4367 1091 4417 snei.
1103 4365 1163 4415 ees.
1174 4367 1211 4414 56.
