<?xml version="1.0" encoding="UTF-8"?>
<!DOCTYPE html PUBLIC "-//W3C//DTD XHTML 1.0 Transitional//EN"
    "http://www.w3.org/TR/xhtml1/DTD/xhtml1-transitional.dtd">
<html xmlns="http://www.w3.org/1999/xhtml" xml:lang="en" lang="en">
 <head>
  <title>
</title>
<meta http-equiv="Content-Type" content="text/html;charset=utf-8" />
  <meta name='ocr-system' content='tesseract 3.04.00' />
  <meta name='ocr-capabilities' content='ocr_page ocr_carea ocr_par ocr_line ocrx_word'/>
</head>
<body>
  <div class='ocr_page' id='page_1' title='image "./decaiijuliicaes00lislgoog_0053.png"; bbox 0 0 2730 4966; ppageno 0'>
   <div class='ocr_carea' id='block_1_1' title="bbox 668 355 845 419">
    <p class='ocr_par' dir='ltr' id='par_1_1' title="bbox 668 355 845 419">
     <span class='ocr_line' id='line_1_1' title="bbox 668 355 845 419; baseline 0 -17"><span class='ocrx_word' id='word_1_1' title='bbox 668 355 845 419; x_wconf 77' lang='grc'>..44-</span> 
     </span>
    </p>
   </div>
   <div class='ocr_carea' id='block_1_2' title="bbox 239 496 1309 4428">
    <p class='ocr_par' dir='ltr' id='par_1_2' title="bbox 239 496 1309 2401">
     <span class='ocr_line' id='line_1_2' title="bbox 239 496 1283 581; baseline 0.001 -19"><span class='ocrx_word' id='word_1_2' title='bbox 239 498 321 579; x_wconf 77' lang='lat' dir='ltr'>Quid</span> <span class='ocrx_word' id='word_1_3' title='bbox 331 500 387 563; x_wconf 88' lang='lat' dir='ltr'>sibi</span> <span class='ocrx_word' id='word_1_4' title='bbox 398 500 510 563; x_wconf 87' lang='lat' dir='ltr'>vellent</span> <span class='ocrx_word' id='word_1_5' title='bbox 520 499 580 562; x_wconf 91' lang='lat' dir='ltr'>ista</span> <span class='ocrx_word' id='word_1_6' title='bbox 589 496 807 561; x_wconf 89' lang='lat' dir='ltr'>sententiarum</span> <span class='ocrx_word' id='word_1_7' title='bbox 819 497 905 580; x_wconf 86' lang='lat' dir='ltr'>quasi</span> <span class='ocrx_word' id='word_1_8' title='bbox 917 497 1111 578; x_wconf 78' lang='lat' dir='ltr'>collectanea,</span> <span class='ocrx_word' id='word_1_9' title='bbox 1125 499 1186 560; x_wconf 88' lang='lat' dir='ltr'>ista</span> <span class='ocrx_word' id='word_1_10' title='bbox 1196 499 1283 581; x_wconf 85' lang='lat' dir='ltr'><strong>quasi</strong></span> 
     </span>
     <span class='ocr_line' id='line_1_3' title="bbox 239 603 1284 688; baseline -0.004 -17"><span class='ocrx_word' id='word_1_11' title='bbox 239 605 346 671; x_wconf 88' lang='lat' dir='ltr'>florum</span> <span class='ocrx_word' id='word_1_12' title='bbox 363 628 402 670; x_wconf 87' lang='lat' dir='ltr'>ex</span> <span class='ocrx_word' id='word_1_13' title='bbox 417 606 580 670; x_wconf 87' lang='lat' dir='ltr'>academiae</span> <span class='ocrx_word' id='word_1_14' title='bbox 595 603 693 668; x_wconf 88' lang='lat' dir='ltr'>hortis</span> <span class='ocrx_word' id='word_1_15' title='bbox 707 605 918 687; x_wconf 88' lang='lat' dir='ltr'>decerptorum</span> <span class='ocrx_word' id='word_1_16' title='bbox 930 612 1023 680; x_wconf 90' lang='lat' dir='ltr'>serta,</span> <span class='ocrx_word' id='word_1_17' title='bbox 1037 607 1210 688; x_wconf 89' lang='lat' dir='ltr'>quaerebam</span> <span class='ocrx_word' id='word_1_18' title='bbox 1226 626 1284 668; x_wconf 93' lang='lat' dir='ltr'>non</span> 
     </span>
     <span class='ocr_line' id='line_1_4' title="bbox 239 710 1282 794; baseline -0.003 -17"><span class='ocrx_word' id='word_1_19' title='bbox 239 714 304 777; x_wconf 89' lang='lat' dir='ltr'>sine</span> <span class='ocrx_word' id='word_1_20' title='bbox 320 713 454 788; x_wconf 79' lang='lat' dir='ltr'>fastidio,</span> <span class='ocrx_word' id='word_1_21' title='bbox 471 733 526 775; x_wconf 88' lang='lat' dir='ltr'>nec</span> <span class='ocrx_word' id='word_1_22' title='bbox 542 711 747 774; x_wconf 84' lang='lat' dir='ltr'>inveniebam.</span> <span class='ocrx_word' id='word_1_23' title='bbox 764 710 844 788; x_wconf 79' lang='lat' dir='ltr'>Quid</span> <span class='ocrx_word' id='word_1_24' title='bbox 856 711 1027 774; x_wconf 84' lang='lat' dir='ltr'>hicbellum</span> <span class='ocrx_word' id='word_1_25' title='bbox 1043 711 1282 794; x_wconf 88' lang='lat' dir='ltr'>macedonicum,</span> 
     </span>
     <span class='ocr_line' id='line_1_5' title="bbox 240 817 1287 906; baseline -0.003 -21"><span class='ocrx_word' id='word_1_26' title='bbox 240 828 271 885; x_wconf 89' lang='lat' dir='ltr'>et</span> <span class='ocrx_word' id='word_1_27' title='bbox 285 820 407 895; x_wconf 90' lang='lat' dir='ltr'>Rhodii,</span> <span class='ocrx_word' id='word_1_28' title='bbox 421 828 453 882; x_wconf 91' lang='lat' dir='ltr'>et</span> <span class='ocrx_word' id='word_1_29' title='bbox 463 819 573 903; x_wconf 90' lang='lat' dir='ltr'>punica</span> <span class='ocrx_word' id='word_1_30' title='bbox 586 818 664 881; x_wconf 84' lang='lat' dir='ltr'>bella</span> <span class='ocrx_word' id='word_1_31' title='bbox 678 824 709 880; x_wconf 92' lang='lat' dir='ltr'>et</span> <span class='ocrx_word' id='word_1_32' title='bbox 721 817 1007 906; x_wconf 61' lang='lat' dir='ltr'><strong>Carthaginienses}</strong></span> <span class='ocrx_word' id='word_1_33' title='bbox 1020 820 1181 882; x_wconf 73' lang='lat' dir='ltr'>Oratorem</span> <span class='ocrx_word' id='word_1_34' title='bbox 1192 817 1223 881; x_wconf 91' lang='lat' dir='ltr'>in</span> <span class='ocrx_word' id='word_1_35' title='bbox 1236 840 1287 882; x_wconf 91' lang='lat' dir='ltr'>nu·</span> 
     </span>
     <span class='ocr_line' id='line_1_6' title="bbox 240 924 1287 1011; baseline -0.003 -21"><span class='ocrx_word' id='word_1_36' title='bbox 240 927 287 1011; x_wconf 88' lang='lat' dir='ltr'>gis</span> <span class='ocrx_word' id='word_1_37' title='bbox 300 935 468 990; x_wconf 80' lang='lat' dir='ltr'>morantem</span> <span class='ocrx_word' id='word_1_38' title='bbox 485 928 553 1010; x_wconf 91' lang='lat' dir='ltr'>quis</span> <span class='ocrx_word' id='word_1_39' title='bbox 563 925 793 990; x_wconf 79' lang='lat' dir='ltr'>ferretlTotum</span> <span class='ocrx_word' id='word_1_40' title='bbox 803 924 906 987; x_wconf 90' lang='lat' dir='ltr'>videre</span> <span class='ocrx_word' id='word_1_41' title='bbox 915 925 978 1010; x_wconf 86' lang='lat' dir='ltr'>jam</span> <span class='ocrx_word' id='word_1_42' title='bbox 991 924 1064 987; x_wconf 91' lang='lat' dir='ltr'>rnibi</span> <span class='ocrx_word' id='word_1_43' title='bbox 1076 924 1203 987; x_wconf 91' lang='lat' dir='ltr'>videbar</span> <span class='ocrx_word' id='word_1_44' title='bbox 1212 926 1287 989; x_wconf 89' lang='lat' dir='ltr'>osci-</span> 
     </span>
     <span class='ocr_line' id='line_1_7' title="bbox 240 1031 1286 1112; baseline -0.003 -14"><span class='ocrx_word' id='word_1_45' title='bbox 240 1041 357 1098; x_wconf 88' lang='lat' dir='ltr'>tantem</span> <span class='ocrx_word' id='word_1_46' title='bbox 371 1055 406 1098; x_wconf 89' lang='lat' dir='ltr'>ac</span> <span class='ocrx_word' id='word_1_47' title='bbox 418 1034 634 1096; x_wconf 85' lang='lat' dir='ltr'>dormitantem</span> <span class='ocrx_word' id='word_1_48' title='bbox 644 1038 795 1096; x_wconf 87' lang='lat' dir='ltr'>senatum.</span> <span class='ocrx_word' id='word_1_49' title='bbox 809 1031 845 1094; x_wconf 91' lang='lat' dir='ltr'>Id</span> <span class='ocrx_word' id='word_1_50' title='bbox 855 1039 957 1095; x_wconf 88' lang='lat' dir='ltr'>auteur</span> <span class='ocrx_word' id='word_1_51' title='bbox 967 1031 1041 1096; x_wconf 90' lang='lat' dir='ltr'>artis</span> <span class='ocrx_word' id='word_1_52' title='bbox 1053 1052 1120 1094; x_wconf 89' lang='lat' dir='ltr'>esse</span> <span class='ocrx_word' id='word_1_53' title='bbox 1132 1032 1286 1112; x_wconf 86' lang='lat' dir='ltr'>maximae,</span> 
     </span>
     <span class='ocr_line' id='line_1_8' title="bbox 239 1120 1289 1223; baseline -0.004 -16"><span class='ocrx_word' id='word_1_54' title='bbox 239 1148 276 1207; x_wconf 85' lang='lat' dir='ltr'>ut</span> <span class='ocrx_word' id='word_1_55' title='bbox 290 1142 447 1205; x_wconf 88' lang='lat' dir='ltr'>audientes</span> <span class='ocrx_word' id='word_1_56' title='bbox 461 1163 577 1223; x_wconf 76' lang='lat' dir='ltr'>omneS,</span> <span class='ocrx_word' id='word_1_57' title='bbox 595 1141 621 1204; x_wconf 91' lang='lat' dir='ltr'>si</span> <span class='ocrx_word' id='word_1_58' title='bbox 641 1120 760 1223; x_wconf 86' lang='lat' dir='ltr'>posset,</span> <span class='ocrx_word' id='word_1_59' title='bbox 777 1138 807 1201; x_wconf 95' lang='lat' dir='ltr'>in</span> <span class='ocrx_word' id='word_1_60' title='bbox 824 1159 962 1202; x_wconf 88' lang='lat' dir='ltr'>somnum</span> <span class='ocrx_word' id='word_1_61' title='bbox 986 1140 1082 1212; x_wconf 88' lang='lat' dir='ltr'>daret,</span> <span class='ocrx_word' id='word_1_62' title='bbox 1104 1160 1153 1201; x_wconf 90' lang='lat' dir='ltr'>rue</span> <span class='ocrx_word' id='word_1_63' title='bbox 1168 1139 1289 1222; x_wconf 89' lang='lat' dir='ltr'>penitus</span> 
     </span>
     <span class='ocr_line' id='line_1_9' title="bbox 241 1245 1286 1329; baseline -0.003 -18"><span class='ocrx_word' id='word_1_64' title='bbox 241 1247 399 1311; x_wconf 81' lang='lat' dir='ltr'>fefellerat.</span> <span class='ocrx_word' id='word_1_65' title='bbox 418 1249 451 1317; x_wconf 88' lang='lat' dir='ltr'>In</span> <span class='ocrx_word' id='word_1_66' title='bbox 469 1248 647 1311; x_wconf 84' lang='lat' dir='ltr'>memoriam</span> <span class='ocrx_word' id='word_1_67' title='bbox 663 1248 742 1310; x_wconf 88' lang='lat' dir='ltr'>enirn</span> <span class='ocrx_word' id='word_1_68' title='bbox 760 1255 899 1309; x_wconf 86' lang='lat' dir='ltr'>revocate</span> <span class='ocrx_word' id='word_1_69' title='bbox 913 1246 965 1329; x_wconf 91' lang='lat' dir='ltr'>qui</span> <span class='ocrx_word' id='word_1_70' title='bbox 980 1245 1070 1309; x_wconf 89' lang='lat' dir='ltr'>fuerit</span> <span class='ocrx_word' id='word_1_71' title='bbox 1084 1267 1120 1308; x_wconf 92' lang='lat' dir='ltr'>eo</span> <span class='ocrx_word' id='word_1_72' title='bbox 1136 1254 1286 1329; x_wconf 89' lang='lat' dir='ltr'>ternpore,</span> 
     </span>
     <span class='ocr_line' id='line_1_10' title="bbox 242 1352 1291 1439; baseline -0.003 -20"><span class='ocrx_word' id='word_1_73' title='bbox 242 1376 280 1419; x_wconf 91' lang='lat' dir='ltr'>ea</span> <span class='ocrx_word' id='word_1_74' title='bbox 295 1355 356 1430; x_wconf 91' lang='lat' dir='ltr'>die,</span> <span class='ocrx_word' id='word_1_75' title='bbox 369 1355 538 1439; x_wconf 85' lang='lat' dir='ltr'>reipublicae</span> <span class='ocrx_word' id='word_1_76' title='bbox 552 1361 663 1419; x_wconf 77' lang='lat' dir='ltr'>statue.</span> <span class='ocrx_word' id='word_1_77' title='bbox 681 1356 817 1439; x_wconf 84' lang='lat' dir='ltr'>Fugerat</span> <span class='ocrx_word' id='word_1_78' title='bbox 829 1373 925 1437; x_wconf 87' lang='lat' dir='ltr'>nuper</span> <span class='ocrx_word' id='word_1_79' title='bbox 936 1373 976 1416; x_wconf 85' lang='lat' dir='ltr'>ex</span> <span class='ocrx_word' id='word_1_80' title='bbox 991 1355 1064 1415; x_wconf 91' lang='lat' dir='ltr'>urbe</span> <span class='ocrx_word' id='word_1_81' title='bbox 1077 1352 1209 1417; x_wconf 88' lang='lat' dir='ltr'>Catilina</span> <span class='ocrx_word' id='word_1_82' title='bbox 1224 1364 1291 1416; x_wconf 92' lang='lat' dir='ltr'>tan·</span> 
     </span>
     <span class='ocr_line' id='line_1_11' title="bbox 242 1446 1291 1546; baseline -0.001 -21"><span class='ocrx_word' id='word_1_83' title='bbox 242 1483 335 1546; x_wconf 91' lang='lat' dir='ltr'>quarn</span> <span class='ocrx_word' id='word_1_84' title='bbox 360 1462 494 1546; x_wconf 86' lang='lat' dir='ltr'>agitatus</span> <span class='ocrx_word' id='word_1_85' title='bbox 515 1461 613 1544; x_wconf 87' lang='lat' dir='ltr'>furiis,</span> <span class='ocrx_word' id='word_1_86' title='bbox 632 1472 664 1525; x_wconf 88' lang='lat' dir='ltr'>et</span> <span class='ocrx_word' id='word_1_87' title='bbox 687 1453 792 1525; x_wconf 79' lang='lat' dir='ltr'>coacto</span> <span class='ocrx_word' id='word_1_88' title='bbox 811 1446 964 1524; x_wconf 85' lang='lat' dir='ltr'>latronuin</span> <span class='ocrx_word' id='word_1_89' title='bbox 983 1459 1118 1524; x_wconf 85' lang='lat' dir='ltr'>exercitu</span> <span class='ocrx_word' id='word_1_90' title='bbox 1137 1461 1291 1524; x_wconf 90' lang='lat' dir='ltr'>rediturus</span> 
     </span>
     <span class='ocr_line' id='line_1_12' title="bbox 242 1565 1309 1655; baseline -0.003 -23"><span class='ocrx_word' id='word_1_91' title='bbox 242 1569 451 1633; x_wconf 88' lang='lat' dir='ltr'>nuntiabatur.</span> <span class='ocrx_word' id='word_1_92' title='bbox 468 1570 544 1655; x_wconf 88' lang='lat' dir='ltr'>Ejus</span> <span class='ocrx_word' id='word_1_93' title='bbox 560 1569 645 1642; x_wconf 89' lang='lat' dir='ltr'>socii,</span> <span class='ocrx_word' id='word_1_94' title='bbox 663 1567 840 1631; x_wconf 88' lang='lat' dir='ltr'>nobilissimi</span> <span class='ocrx_word' id='word_1_95' title='bbox 855 1566 948 1643; x_wconf 87' lang='lat' dir='ltr'>cives,</span> <span class='ocrx_word' id='word_1_96' title='bbox 963 1566 1135 1651; x_wconf 87' lang='lat' dir='ltr'>conjurasse</span> <span class='ocrx_word' id='word_1_97' title='bbox 1146 1565 1309 1629; x_wconf 53' lang='lat' dir='ltr'>diceban?</span> 
     </span>
     <span class='ocr_line' id='line_1_13' title="bbox 243 1672 1292 1757; baseline -0.004 -17"><span class='ocrx_word' id='word_1_98' title='bbox 243 1684 293 1740; x_wconf 91' lang='lat' dir='ltr'>tur</span> <span class='ocrx_word' id='word_1_99' title='bbox 307 1676 437 1739; x_wconf 82' lang='lat' dir='ltr'>Romam</span> <span class='ocrx_word' id='word_1_100' title='bbox 453 1676 624 1750; x_wconf 87' lang='lat' dir='ltr'>incendere,</span> <span class='ocrx_word' id='word_1_101' title='bbox 642 1675 807 1749; x_wconf 90' lang='lat' dir='ltr'>consulem,</span> <span class='ocrx_word' id='word_1_102' title='bbox 826 1683 941 1757; x_wconf 87' lang='lat' dir='ltr'>patres,</span> <span class='ocrx_word' id='word_1_103' title='bbox 960 1672 1070 1737; x_wconf 90' lang='lat' dir='ltr'>civium</span> <span class='ocrx_word' id='word_1_104' title='bbox 1087 1674 1218 1756; x_wconf 89' lang='lat' dir='ltr'>denique</span> <span class='ocrx_word' id='word_1_105' title='bbox 1234 1695 1292 1757; x_wconf 91' lang='lat' dir='ltr'>op-</span> 
     </span>
     <span class='ocr_line' id='line_1_14' title="bbox 244 1780 1293 1866; baseline -0.001 -21"><span class='ocrx_word' id='word_1_106' title='bbox 244 1783 351 1846; x_wconf 88' lang='lat' dir='ltr'>timum</span> <span class='ocrx_word' id='word_1_107' title='bbox 366 1803 516 1866; x_wconf 88' lang='lat' dir='ltr'>quemque</span> <span class='ocrx_word' id='word_1_108' title='bbox 529 1792 561 1846; x_wconf 90' lang='lat' dir='ltr'>et</span> <span class='ocrx_word' id='word_1_109' title='bbox 571 1782 754 1845; x_wconf 90' lang='lat' dir='ltr'>ditissimum</span> <span class='ocrx_word' id='word_1_110' title='bbox 767 1782 947 1854; x_wconf 88' lang='lat' dir='ltr'>interlicere,</span> <span class='ocrx_word' id='word_1_111' title='bbox 965 1786 996 1843; x_wconf 88' lang='lat' dir='ltr'>et</span> <span class='ocrx_word' id='word_1_112' title='bbox 1011 1780 1191 1844; x_wconf 86' lang='lat' dir='ltr'>atrocissimi</span> <span class='ocrx_word' id='word_1_113' title='bbox 1203 1780 1293 1844; x_wconf 89' lang='lat' dir='ltr'>istius</span> 
     </span>
     <span class='ocr_line' id='line_1_15' title="bbox 243 1870 1294 1953; baseline -0.002 0"><span class='ocrx_word' id='word_1_114' title='bbox 243 1890 364 1953; x_wconf 91' lang='lat' dir='ltr'>sceleris</span> <span class='ocrx_word' id='word_1_115' title='bbox 379 1870 435 1952; x_wconf 86' lang='lat' dir='ltr'>sua</span> <span class='ocrx_word' id='word_1_116' title='bbox 449 1887 638 1952; x_wconf 89' lang='lat' dir='ltr'>confessione</span> <span class='ocrx_word' id='word_1_117' title='bbox 658 1895 745 1951; x_wconf 89' lang='lat' dir='ltr'>erant</span> <span class='ocrx_word' id='word_1_118' title='bbox 765 1886 928 1950; x_wconf 83' lang='lat' dir='ltr'>manifesti.</span> <span class='ocrx_word' id='word_1_119' title='bbox 943 1888 1021 1949; x_wconf 88' lang='lat' dir='ltr'>Erat</span> <span class='ocrx_word' id='word_1_120' title='bbox 1038 1885 1130 1950; x_wconf 87' lang='lat' dir='ltr'>etiam</span> <span class='ocrx_word' id='word_1_121' title='bbox 1145 1889 1294 1951; x_wconf 90' lang='lat' dir='ltr'>obscurus</span> 
     </span>
     <span class='ocr_line' id='line_1_16' title="bbox 245 1993 1294 2078; baseline -0.002 -18"><span class='ocrx_word' id='word_1_122' title='bbox 245 2017 347 2060; x_wconf 89' lang='lat' dir='ltr'>rumor</span> <span class='ocrx_word' id='word_1_123' title='bbox 365 2005 396 2061; x_wconf 94' lang='lat' dir='ltr'>et</span> <span class='ocrx_word' id='word_1_124' title='bbox 417 1996 511 2060; x_wconf 89' lang='lat' dir='ltr'>tacita</span> <span class='ocrx_word' id='word_1_125' title='bbox 531 1997 632 2078; x_wconf 91' lang='lat' dir='ltr'>opinio</span> <span class='ocrx_word' id='word_1_126' title='bbox 652 1996 804 2060; x_wconf 87' lang='lat' dir='ltr'>Caesarem</span> <span class='ocrx_word' id='word_1_127' title='bbox 825 2002 856 2057; x_wconf 90' lang='lat' dir='ltr'>et</span> <span class='ocrx_word' id='word_1_128' title='bbox 873 1994 1016 2057; x_wconf 89' lang='lat' dir='ltr'>Crassum</span> <span class='ocrx_word' id='word_1_129' title='bbox 1036 2012 1140 2056; x_wconf 90' lang='lat' dir='ltr'>eorum</span> <span class='ocrx_word' id='word_1_130' title='bbox 1163 1993 1294 2077; x_wconf 83' lang='lat' dir='ltr'>inceptis</span> 
     </span>
     <span class='ocr_line' id='line_1_17' title="bbox 244 2101 1291 2183; baseline -0.004 -15"><span class='ocrx_word' id='word_1_131' title='bbox 244 2102 366 2168; x_wconf 90' lang='lat' dir='ltr'>favisse.</span> <span class='ocrx_word' id='word_1_132' title='bbox 385 2103 475 2167; x_wconf 90' lang='lat' dir='ltr'>Plebs</span> <span class='ocrx_word' id='word_1_133' title='bbox 489 2110 591 2167; x_wconf 87' lang='lat' dir='ltr'>autern</span> <span class='ocrx_word' id='word_1_134' title='bbox 605 2104 720 2177; x_wconf 89' lang='lat' dir='ltr'>infima,</span> <span class='ocrx_word' id='word_1_135' title='bbox 736 2123 835 2166; x_wconf 89' lang='lat' dir='ltr'>rerum</span> <span class='ocrx_word' id='word_1_136' title='bbox 851 2122 1009 2175; x_wconf 89' lang='lat' dir='ltr'>novarum,</span> <span class='ocrx_word' id='word_1_137' title='bbox 1023 2102 1062 2163; x_wconf 92' lang='lat' dir='ltr'>de</span> <span class='ocrx_word' id='word_1_138' title='bbox 1078 2121 1172 2183; x_wconf 88' lang='lat' dir='ltr'>more,</span> <span class='ocrx_word' id='word_1_139' title='bbox 1185 2101 1291 2176; x_wconf 87' lang='lat' dir='ltr'>avida,</span> 
     </span>
     <span class='ocr_line' id='line_1_18' title="bbox 245 2208 1295 2290; baseline -0.001 -18"><span class='ocrx_word' id='word_1_140' title='bbox 245 2218 390 2290; x_wconf 85' lang='lat' dir='ltr'>tanquam</span> <span class='ocrx_word' id='word_1_141' title='bbox 407 2209 558 2271; x_wconf 88' lang='lat' dir='ltr'>exercitus</span> <span class='ocrx_word' id='word_1_142' title='bbox 573 2221 639 2272; x_wconf 88' lang='lat' dir='ltr'>erat</span> <span class='ocrx_word' id='word_1_143' title='bbox 654 2209 775 2272; x_wconf 86' lang='lat' dir='ltr'>audenti</span> <span class='ocrx_word' id='word_1_144' title='bbox 792 2216 926 2290; x_wconf 90' lang='lat' dir='ltr'>paratus.</span> <span class='ocrx_word' id='word_1_145' title='bbox 945 2209 1044 2270; x_wconf 85' lang='lat' dir='ltr'>Extra</span> <span class='ocrx_word' id='word_1_146' title='bbox 1064 2208 1181 2281; x_wconf 90' lang='lat' dir='ltr'>urbem,</span> <span class='ocrx_word' id='word_1_147' title='bbox 1199 2215 1295 2290; x_wconf 89' lang='lat' dir='ltr'>atque</span> 
     </span>
     <span class='ocr_line' id='line_1_19' title="bbox 245 2310 1202 2401; baseline 0 -24"><span class='ocrx_word' id='word_1_148' title='bbox 245 2315 276 2377; x_wconf 93' lang='lat' dir='ltr'>in</span> <span class='ocrx_word' id='word_1_149' title='bbox 288 2310 382 2401; x_wconf 87' lang='lat' dir='ltr'>ipsius</span> <span class='ocrx_word' id='word_1_150' title='bbox 393 2315 475 2378; x_wconf 91' lang='lat' dir='ltr'>urbis</span> <span class='ocrx_word' id='word_1_151' title='bbox 487 2315 565 2390; x_wconf 91' lang='lat' dir='ltr'>sinu,</span> <span class='ocrx_word' id='word_1_152' title='bbox 581 2317 692 2399; x_wconf 85' lang='lat' dir='ltr'>ubique</span> <span class='ocrx_word' id='word_1_153' title='bbox 705 2316 819 2387; x_wconf 82' lang='lat' dir='ltr'>hostes,</span> <span class='ocrx_word' id='word_1_154' title='bbox 835 2314 947 2397; x_wconf 90' lang='lat' dir='ltr'>ubique</span> <span class='ocrx_word' id='word_1_155' title='bbox 961 2336 1048 2378; x_wconf 90' lang='lat' dir='ltr'>arma</span> <span class='ocrx_word' id='word_1_156' title='bbox 1059 2323 1090 2378; x_wconf 90' lang='lat' dir='ltr'>et</span> <span class='ocrx_word' id='word_1_157' title='bbox 1103 2314 1202 2377; x_wconf 90' lang='lat' dir='ltr'>minae.</span> 
     </span>
    </p>

    <p class='ocr_par' dir='ltr' id='par_1_3' title="bbox 245 2421 1296 4103">
     <span class='ocr_line' id='line_1_20' title="bbox 290 2421 1295 2507; baseline 0.001 -23"><span class='ocrx_word' id='word_1_158' title='bbox 290 2421 389 2500; x_wconf 83' lang='lat' dir='ltr'>Quem</span> <span class='ocrx_word' id='word_1_159' title='bbox 403 2422 494 2507; x_wconf 86' lang='lat' dir='ltr'>igitur</span> <span class='ocrx_word' id='word_1_160' title='bbox 510 2423 637 2487; x_wconf 90' lang='lat' dir='ltr'>Patrum</span> <span class='ocrx_word' id='word_1_161' title='bbox 652 2422 791 2485; x_wconf 89' lang='lat' dir='ltr'>timorem</span> <span class='ocrx_word' id='word_1_162' title='bbox 804 2421 895 2484; x_wconf 88' lang='lat' dir='ltr'>fuisse</span> <span class='ocrx_word' id='word_1_163' title='bbox 908 2442 1028 2504; x_wconf 86' lang='lat' dir='ltr'>aequum</span> <span class='ocrx_word' id='word_1_164' title='bbox 1044 2428 1101 2496; x_wconf 89' lang='lat' dir='ltr'>est,</span> <span class='ocrx_word' id='word_1_165' title='bbox 1119 2442 1212 2504; x_wconf 90' lang='lat' dir='ltr'>quarn</span> <span class='ocrx_word' id='word_1_166' title='bbox 1230 2421 1295 2485; x_wconf 91' lang='lat' dir='ltr'>for-</span> 
     </span>
     <span class='ocr_line' id='line_1_21' title="bbox 246 2528 1294 2614; baseline 0.002 -23"><span class='ocrx_word' id='word_1_167' title='bbox 246 2529 402 2614; x_wconf 86' lang='lat' dir='ltr'>midinem,</span> <span class='ocrx_word' id='word_1_168' title='bbox 430 2551 521 2612; x_wconf 90' lang='lat' dir='ltr'>quarn</span> <span class='ocrx_word' id='word_1_169' title='bbox 546 2552 585 2594; x_wconf 87' lang='lat' dir='ltr'>ex</span> <span class='ocrx_word' id='word_1_170' title='bbox 603 2528 762 2594; x_wconf 89' lang='lat' dir='ltr'>formidine</span> <span class='ocrx_word' id='word_1_171' title='bbox 781 2529 857 2592; x_wconf 91' lang='lat' dir='ltr'>irarn</span> <span class='ocrx_word' id='word_1_172' title='bbox 883 2536 914 2591; x_wconf 92' lang='lat' dir='ltr'>et</span> <span class='ocrx_word' id='word_1_173' title='bbox 930 2528 1054 2592; x_wconf 89' lang='lat' dir='ltr'>ultionis</span> <span class='ocrx_word' id='word_1_174' title='bbox 1076 2529 1176 2613; x_wconf 84' lang='lat' dir='ltr'>sitim,</span> <span class='ocrx_word' id='word_1_175' title='bbox 1198 2550 1294 2612; x_wconf 92' lang='lat' dir='ltr'>quum</span> 
     </span>
     <span class='ocr_line' id='line_1_22' title="bbox 245 2632 1294 2719; baseline 0.002 -21"><span class='ocrx_word' id='word_1_176' title='bbox 245 2635 379 2717; x_wconf 89' lang='lat' dir='ltr'>undique</span> <span class='ocrx_word' id='word_1_177' title='bbox 393 2632 561 2710; x_wconf 90' lang='lat' dir='ltr'>cernerent,</span> <span class='ocrx_word' id='word_1_178' title='bbox 576 2637 607 2698; x_wconf 92' lang='lat' dir='ltr'>in</span> <span class='ocrx_word' id='word_1_179' title='bbox 622 2635 700 2710; x_wconf 83' lang='lat' dir='ltr'>foro,</span> <span class='ocrx_word' id='word_1_180' title='bbox 718 2636 749 2698; x_wconf 92' lang='lat' dir='ltr'>in</span> <span class='ocrx_word' id='word_1_181' title='bbox 763 2635 912 2711; x_wconf 86' lang='lat' dir='ltr'>domibus,</span> <span class='ocrx_word' id='word_1_182' title='bbox 932 2641 1024 2719; x_wconf 87' lang='lat' dir='ltr'>atque</span> <span class='ocrx_word' id='word_1_183' title='bbox 1042 2635 1072 2697; x_wconf 95' lang='lat' dir='ltr'>in</span> <span class='ocrx_word' id='word_1_184' title='bbox 1089 2634 1184 2717; x_wconf 88' lang='lat' dir='ltr'>ipsius</span> <span class='ocrx_word' id='word_1_185' title='bbox 1202 2636 1294 2700; x_wconf 80' lang='lat' dir='ltr'>cnriae</span> 
     </span>
     <span class='ocr_line' id='line_1_23' title="bbox 246 2741 1295 2828; baseline 0.003 -24"><span class='ocrx_word' id='word_1_186' title='bbox 246 2741 389 2817; x_wconf 88' lang='lat' dir='ltr'>sacrario,</span> <span class='ocrx_word' id='word_1_187' title='bbox 408 2742 525 2827; x_wconf 86' lang='lat' dir='ltr'>gladios</span> <span class='ocrx_word' id='word_1_188' title='bbox 546 2742 578 2805; x_wconf 93' lang='lat' dir='ltr'>in</span> <span class='ocrx_word' id='word_1_189' title='bbox 595 2763 629 2806; x_wconf 90' lang='lat' dir='ltr'>se</span> <span class='ocrx_word' id='word_1_190' title='bbox 643 2742 819 2806; x_wconf 80' lang='lat' dir='ltr'>destrictos!</span> <span class='ocrx_word' id='word_1_191' title='bbox 837 2742 946 2824; x_wconf 89' lang='lat' dir='ltr'>Itaque</span> <span class='ocrx_word' id='word_1_192' title='bbox 965 2749 1000 2804; x_wconf 87' lang='lat' dir='ltr'>nt</span> <span class='ocrx_word' id='word_1_193' title='bbox 1014 2742 1052 2805; x_wconf 93' lang='lat' dir='ltr'>de</span> <span class='ocrx_word' id='word_1_194' title='bbox 1066 2745 1295 2828; x_wconf 90' lang='lat' dir='ltr'>conjuratorum</span> 
     </span>
     <span class='ocr_line' id='line_1_24' title="bbox 246 2848 1294 2935; baseline 0.001 -22"><span class='ocrx_word' id='word_1_195' title='bbox 246 2870 337 2933; x_wconf 90' lang='lat' dir='ltr'>poena</span> <span class='ocrx_word' id='word_1_196' title='bbox 349 2850 499 2935; x_wconf 89' lang='lat' dir='ltr'>judicaret</span> <span class='ocrx_word' id='word_1_197' title='bbox 519 2857 627 2914; x_wconf 89' lang='lat' dir='ltr'>senatu</span> <span class='ocrx_word' id='word_1_198' title='bbox 640 2855 757 2932; x_wconf 78' lang='lat' dir='ltr'>coacto,</span> <span class='ocrx_word' id='word_1_199' title='bbox 775 2869 865 2932; x_wconf 91' lang='lat' dir='ltr'>quum</span> <span class='ocrx_word' id='word_1_200' title='bbox 886 2850 928 2912; x_wconf 93' lang='lat' dir='ltr'>D.</span> <span class='ocrx_word' id='word_1_201' title='bbox 947 2848 1070 2912; x_wconf 88' lang='lat' dir='ltr'>Silanus</span> <span class='ocrx_word' id='word_1_202' title='bbox 1092 2850 1197 2912; x_wconf 91' lang='lat' dir='ltr'>consul</span> <span class='ocrx_word' id='word_1_203' title='bbox 1211 2851 1294 2914; x_wconf 92' lang='lat' dir='ltr'>desi-</span> 
     </span>
     <span class='ocr_line' id='line_1_25' title="bbox 247 2956 1291 3040; baseline 0.003 -22"><span class='ocrx_word' id='word_1_204' title='bbox 247 2963 358 3040; x_wconf 90' lang='lat' dir='ltr'>gnatus</span> <span class='ocrx_word' id='word_1_205' title='bbox 373 2957 540 3020; x_wconf 86' lang='lat' dir='ltr'>maximum</span> <span class='ocrx_word' id='word_1_206' title='bbox 565 2957 603 3018; x_wconf 91' lang='lat' dir='ltr'>de</span> <span class='ocrx_word' id='word_1_207' title='bbox 625 2957 683 3019; x_wconf 94' lang='lat' dir='ltr'>illis</span> <span class='ocrx_word' id='word_1_208' title='bbox 707 2957 888 3039; x_wconf 85' lang='lat' dir='ltr'>supplicium</span> <span class='ocrx_word' id='word_1_209' title='bbox 909 2956 1091 3019; x_wconf 91' lang='lat' dir='ltr'>sumendum</span> <span class='ocrx_word' id='word_1_210' title='bbox 1112 2956 1291 3032; x_wconf 90' lang='lat' dir='ltr'>censuisset,</span> 
     </span>
     <span class='ocr_line' id='line_1_26' title="bbox 246 3044 1295 3148; baseline 0 -22"><span class='ocrx_word' id='word_1_211' title='bbox 246 3044 367 3127; x_wconf 69' lang='lat' dir='ltr'>nummo</span> <span class='ocrx_word' id='word_1_212' title='bbox 386 3063 519 3126; x_wconf 92' lang='lat' dir='ltr'>omniurn</span> <span class='ocrx_word' id='word_1_213' title='bbox 536 3084 683 3126; x_wconf 92' lang='lat' dir='ltr'>consensu</span> <span class='ocrx_word' id='word_1_214' title='bbox 704 3062 734 3124; x_wconf 93' lang='lat' dir='ltr'>in</span> <span class='ocrx_word' id='word_1_215' title='bbox 754 3063 819 3148; x_wconf 84' lang='lat' dir='ltr'>ejus</span> <span class='ocrx_word' id='word_1_216' title='bbox 840 3062 1022 3125; x_wconf 88' lang='lat' dir='ltr'>sententiam</span> <span class='ocrx_word' id='word_1_217' title='bbox 1043 3062 1121 3125; x_wconf 89' lang='lat' dir='ltr'>itum</span> <span class='ocrx_word' id='word_1_218' title='bbox 1138 3073 1197 3126; x_wconf 87' lang='lat' dir='ltr'>est.</span> <span class='ocrx_word' id='word_1_219' title='bbox 1217 3064 1295 3126; x_wconf 92' lang='lat' dir='ltr'>Mox</span> 
     </span>
     <span class='ocr_line' id='line_1_27' title="bbox 248 3166 1292 3258; baseline 0.001 -26"><span class='ocrx_word' id='word_1_220' title='bbox 248 3176 363 3246; x_wconf 87' lang='lat' dir='ltr'>autern,</span> <span class='ocrx_word' id='word_1_221' title='bbox 382 3177 416 3234; x_wconf 91' lang='lat' dir='ltr'>ut</span> <span class='ocrx_word' id='word_1_222' title='bbox 430 3169 575 3258; x_wconf 79' lang='lat' dir='ltr'>judiciuin</span> <span class='ocrx_word' id='word_1_223' title='bbox 596 3190 716 3254; x_wconf 90' lang='lat' dir='ltr'>quoque</span> <span class='ocrx_word' id='word_1_224' title='bbox 739 3190 796 3232; x_wconf 88' lang='lat' dir='ltr'>sua</span> <span class='ocrx_word' id='word_1_225' title='bbox 816 3167 883 3232; x_wconf 90' lang='lat' dir='ltr'>vice</span> <span class='ocrx_word' id='word_1_226' title='bbox 902 3166 1010 3251; x_wconf 87' lang='lat' dir='ltr'>ferret,</span> <span class='ocrx_word' id='word_1_227' title='bbox 1027 3171 1160 3232; x_wconf 89' lang='lat' dir='ltr'>surrexit</span> <span class='ocrx_word' id='word_1_228' title='bbox 1175 3169 1292 3233; x_wconf 85' lang='lat' dir='ltr'>Caesar.</span> 
     </span>
     <span class='ocr_line' id='line_1_28' title="bbox 248 3273 1295 3360; baseline 0.002 -23"><span class='ocrx_word' id='word_1_229' title='bbox 248 3274 346 3338; x_wconf 91' lang='lat' dir='ltr'>Vides</span> <span class='ocrx_word' id='word_1_230' title='bbox 359 3284 474 3357; x_wconf 93' lang='lat' dir='ltr'>quanta</span> <span class='ocrx_word' id='word_1_231' title='bbox 489 3275 622 3337; x_wconf 91' lang='lat' dir='ltr'>omnium</span> <span class='ocrx_word' id='word_1_232' title='bbox 635 3275 835 3358; x_wconf 84' lang='lat' dir='ltr'>exspectatio,</span> <span class='ocrx_word' id='word_1_233' title='bbox 852 3273 993 3356; x_wconf 92' lang='lat' dir='ltr'>snspicio,</span> <span class='ocrx_word' id='word_1_234' title='bbox 1006 3274 1174 3357; x_wconf 85' lang='lat' dir='ltr'>indignatio</span> <span class='ocrx_word' id='word_1_235' title='bbox 1183 3276 1247 3360; x_wconf 90' lang='lat' dir='ltr'>jam</span> <span class='ocrx_word' id='word_1_236' title='bbox 1263 3282 1295 3339; x_wconf 86' lang='lat' dir='ltr'>et</span> 
     </span>
     <span class='ocr_line' id='line_1_29' title="bbox 249 3365 1292 3465; baseline 0 -21"><span class='ocrx_word' id='word_1_237' title='bbox 249 3380 296 3444; x_wconf 85' lang='lat' dir='ltr'>ira</span> <span class='ocrx_word' id='word_1_238' title='bbox 307 3365 480 3465; x_wconf 85' lang='lat' dir='ltr'>surgentem</span> <span class='ocrx_word' id='word_1_239' title='bbox 496 3379 897 3464; x_wconf 80' lang='lat' dir='ltr'>excipiathidesomniurn</span> <span class='ocrx_word' id='word_1_240' title='bbox 915 3400 968 3442; x_wconf 85' lang='lat' dir='ltr'>ora</span> <span class='ocrx_word' id='word_1_241' title='bbox 984 3381 1014 3440; x_wconf 89' lang='lat' dir='ltr'>in</span> <span class='ocrx_word' id='word_1_242' title='bbox 1026 3400 1121 3443; x_wconf 90' lang='lat' dir='ltr'>unum</span> <span class='ocrx_word' id='word_1_243' title='bbox 1133 3402 1292 3465; x_wconf 82' lang='lat' dir='ltr'>conversa,</span> 
     </span>
     <span class='ocr_line' id='line_1_30' title="bbox 248 3485 1295 3575; baseline 0 -24"><span class='ocrx_word' id='word_1_244' title='bbox 248 3485 442 3552; x_wconf 87' lang='lat' dir='ltr'>flammantes</span> <span class='ocrx_word' id='word_1_245' title='bbox 454 3490 580 3575; x_wconf 86' lang='lat' dir='ltr'>jamjam</span> <span class='ocrx_word' id='word_1_246' title='bbox 595 3487 710 3559; x_wconf 87' lang='lat' dir='ltr'>oculos,</span> <span class='ocrx_word' id='word_1_247' title='bbox 724 3494 755 3550; x_wconf 89' lang='lat' dir='ltr'>et</span> <span class='ocrx_word' id='word_1_248' title='bbox 767 3507 875 3548; x_wconf 89' lang='lat' dir='ltr'>manns</span> <span class='ocrx_word' id='word_1_249' title='bbox 886 3485 1095 3550; x_wconf 91' lang='lat' dir='ltr'>nonnullorum</span> <span class='ocrx_word' id='word_1_250' title='bbox 1109 3489 1148 3550; x_wconf 91' lang='lat' dir='ltr'>ad</span> <span class='ocrx_word' id='word_1_251' title='bbox 1159 3487 1222 3551; x_wconf 90' lang='lat' dir='ltr'>vim</span> <span class='ocrx_word' id='word_1_252' title='bbox 1238 3509 1295 3571; x_wconf 90' lang='lat' dir='ltr'>pa·</span> 
     </span>
     <span class='ocr_line' id='line_1_31' title="bbox 250 3593 1295 3678; baseline 0.002 -22"><span class='ocrx_word' id='word_1_253' title='bbox 250 3595 351 3658; x_wconf 77' lang='lat' dir='ltr'>ratast</span> <span class='ocrx_word' id='word_1_254' title='bbox 367 3597 437 3658; x_wconf 93' lang='lat' dir='ltr'>Hos</span> <span class='ocrx_word' id='word_1_255' title='bbox 451 3596 544 3678; x_wconf 84' lang='lat' dir='ltr'>igitur</span> <span class='ocrx_word' id='word_1_256' title='bbox 557 3596 674 3674; x_wconf 79' lang='lat' dir='ltr'>animos</span> <span class='ocrx_word' id='word_1_257' title='bbox 690 3595 734 3656; x_wconf 92' lang='lat' dir='ltr'>ita</span> <span class='ocrx_word' id='word_1_258' title='bbox 748 3595 898 3668; x_wconf 90' lang='lat' dir='ltr'>incensos,</span> <span class='ocrx_word' id='word_1_259' title='bbox 916 3593 959 3656; x_wconf 90' lang='lat' dir='ltr'>ita</span> <span class='ocrx_word' id='word_1_260' title='bbox 972 3600 1111 3657; x_wconf 87' lang='lat' dir='ltr'>extrema</span> <span class='ocrx_word' id='word_1_261' title='bbox 1128 3595 1230 3658; x_wconf 91' lang='lat' dir='ltr'>omnia</span> <span class='ocrx_word' id='word_1_262' title='bbox 1244 3616 1295 3658; x_wconf 91' lang='lat' dir='ltr'>co-</span> 
     </span>
     <span class='ocr_line' id='line_1_32' title="bbox 250 3699 1296 3784; baseline 0.002 -22"><span class='ocrx_word' id='word_1_263' title='bbox 250 3701 394 3784; x_wconf 67' lang='lat' dir='ltr'>gitantes</span> <span class='ocrx_word' id='word_1_264' title='bbox 407 3703 432 3764; x_wconf 92' lang='lat' dir='ltr'>si</span> <span class='ocrx_word' id='word_1_265' title='bbox 441 3702 546 3765; x_wconf 90' lang='lat' dir='ltr'>statim</span> <span class='ocrx_word' id='word_1_266' title='bbox 559 3710 641 3765; x_wconf 91' lang='lat' dir='ltr'>recta</span> <span class='ocrx_word' id='word_1_267' title='bbox 655 3699 915 3764; x_wconf 79' lang='lat' dir='ltr'>fronte&#39;voluisset</span> <span class='ocrx_word' id='word_1_268' title='bbox 932 3699 1125 3784; x_wconf 83' lang='lat' dir='ltr'>impugnare,</span> <span class='ocrx_word' id='word_1_269' title='bbox 1141 3700 1209 3784; x_wconf 92' lang='lat' dir='ltr'>quis</span> <span class='ocrx_word' id='word_1_270' title='bbox 1224 3710 1296 3765; x_wconf 80' lang='lat' dir='ltr'>&#39;euin</span> 
     </span>
     <span class='ocr_line' id='line_1_33' title="bbox 250 3806 1296 3892; baseline 0.004 -25"><span class='ocrx_word' id='word_1_271' title='bbox 250 3807 427 3881; x_wconf 89' lang='lat' dir='ltr'>audivisset,</span> <span class='ocrx_word' id='word_1_272' title='bbox 446 3809 514 3890; x_wconf 88' lang='lat' dir='ltr'>quis</span> <span class='ocrx_word' id='word_1_273' title='bbox 530 3808 666 3872; x_wconf 76' lang='lat' dir='ltr'>tulissetl¹</span> <span class='ocrx_word' id='word_1_274' title='bbox 682 3809 766 3892; x_wconf 88' lang='lat' dir='ltr'>Ergo</span> <span class='ocrx_word' id='word_1_275' title='bbox 777 3806 1003 3889; x_wconf 90' lang='lat' dir='ltr'>sapientissima</span> <span class='ocrx_word' id='word_1_276' title='bbox 1014 3808 1153 3889; x_wconf 76' lang='lat' dir='ltr'>quaedam</span> <span class='ocrx_word' id='word_1_277' title='bbox 1168 3807 1205 3871; x_wconf 91' lang='lat' dir='ltr'>iis</span> <span class='ocrx_word' id='word_1_278' title='bbox 1217 3829 1296 3891; x_wconf 84' lang='lat' dir='ltr'>prae-</span> 
     </span>
     <span class='ocr_line' id='line_1_34' title="bbox 251 3913 1296 4000; baseline -0.001 -22"><span class='ocrx_word' id='word_1_279' title='bbox 251 3919 341 3997; x_wconf 87' lang='lat' dir='ltr'>cepta</span> <span class='ocrx_word' id='word_1_280' title='bbox 351 3920 384 3976; x_wconf 88' lang='lat' dir='ltr'>et</span> <span class='ocrx_word' id='word_1_281' title='bbox 393 3915 544 3998; x_wconf 86' lang='lat' dir='ltr'>exempla,</span> <span class='ocrx_word' id='word_1_282' title='bbox 557 3923 702 3998; x_wconf 88' lang='lat' dir='ltr'>tanquam</span> <span class='ocrx_word' id='word_1_283' title='bbox 716 3915 755 3976; x_wconf 92' lang='lat' dir='ltr'>ad</span> <span class='ocrx_word' id='word_1_284' title='bbox 768 3913 1017 3998; x_wconf 87' lang='lat' dir='ltr'>restinguendum</span> <span class='ocrx_word' id='word_1_285' title='bbox 1028 3914 1200 3978; x_wconf 89' lang='lat' dir='ltr'>incendium</span> <span class='ocrx_word' id='word_1_286' title='bbox 1213 3915 1296 4000; x_wconf 88' lang='lat' dir='ltr'>frigi-</span> 
     </span>
     <span class='ocr_line' id='line_1_35' title="bbox 251 4020 618 4103; baseline 0.003 -20"><span class='ocrx_word' id='word_1_287' title='bbox 251 4021 321 4084; x_wconf 92' lang='lat' dir='ltr'>dam</span> <span class='ocrx_word' id='word_1_288' title='bbox 335 4042 457 4103; x_wconf 90' lang='lat' dir='ltr'>aquam,</span> <span class='ocrx_word' id='word_1_289' title='bbox 476 4020 618 4084; x_wconf 84' lang='lat' dir='ltr'>infundit.</span> 
     </span>
    </p>

    <p class='ocr_par' dir='ltr' id='par_1_4' title="bbox 254 4127 1298 4428">
     <span class='ocr_line' id='line_1_36' title="bbox 297 4127 1297 4212; baseline -0.001 -21"><span class='ocrx_word' id='word_1_290' title='bbox 297 4128 375 4203; x_wconf 82' lang='lat' dir='ltr'>Iino,</span> <span class='ocrx_word' id='word_1_291' title='bbox 391 4137 479 4192; x_wconf 88' lang='lat' dir='ltr'>tanta</span> <span class='ocrx_word' id='word_1_292' title='bbox 493 4129 614 4193; x_wconf 81' lang='lat' dir='ltr'>solertia</span> <span class='ocrx_word' id='word_1_293' title='bbox 633 4149 701 4192; x_wconf 90' lang='lat' dir='ltr'>sese</span> <span class='ocrx_word' id='word_1_294' title='bbox 724 4127 775 4189; x_wconf 92' lang='lat' dir='ltr'>diu</span> <span class='ocrx_word' id='word_1_295' title='bbox 790 4127 882 4212; x_wconf 87' lang='lat' dir='ltr'>gerit,</span> <span class='ocrx_word' id='word_1_296' title='bbox 903 4133 936 4190; x_wconf 91' lang='lat' dir='ltr'>ut</span> <span class='ocrx_word' id='word_1_297' title='bbox 950 4147 1039 4190; x_wconf 89' lang='lat' dir='ltr'>nemo</span> <span class='ocrx_word' id='word_1_298' title='bbox 1054 4128 1152 4211; x_wconf 88' lang='lat' dir='ltr'>possit</span> <span class='ocrx_word' id='word_1_299' title='bbox 1163 4148 1297 4211; x_wconf 88' lang='lat' dir='ltr'>praesen-</span> 
     </span>
     <span class='ocr_line' id='line_1_37' title="bbox 254 4233 1298 4320; baseline -0.001 -23"><span class='ocrx_word' id='word_1_300' title='bbox 254 4235 311 4298; x_wconf 89' lang='lat' dir='ltr'>tire</span> <span class='ocrx_word' id='word_1_301' title='bbox 326 4255 419 4318; x_wconf 92' lang='lat' dir='ltr'>quam</span> <span class='ocrx_word' id='word_1_302' title='bbox 441 4236 473 4299; x_wconf 94' lang='lat' dir='ltr'>in</span> <span class='ocrx_word' id='word_1_303' title='bbox 490 4243 610 4320; x_wconf 87' lang='lat' dir='ltr'>partem</span> <span class='ocrx_word' id='word_1_304' title='bbox 632 4233 812 4298; x_wconf 88' lang='lat' dir='ltr'>sententiam</span> <span class='ocrx_word' id='word_1_305' title='bbox 832 4234 949 4298; x_wconf 88' lang='lat' dir='ltr'>laturus</span> <span class='ocrx_word' id='word_1_306' title='bbox 964 4234 1014 4296; x_wconf 90' lang='lat' dir='ltr'>sit.</span> <span class='ocrx_word' id='word_1_307' title='bbox 1033 4234 1078 4298; x_wconf 93' lang='lat' dir='ltr'>Ut</span> <span class='ocrx_word' id='word_1_308' title='bbox 1093 4233 1213 4298; x_wconf 85' lang='lat' dir='ltr'>etiamsi</span> <span class='ocrx_word' id='word_1_309' title='bbox 1230 4234 1298 4318; x_wconf 86' lang='lat' dir='ltr'>quis</span> 
     </span>
     <span class='ocr_line' id='line_1_38' title="bbox 254 4342 1298 4428; baseline -0.001 -23"><span class='ocrx_word' id='word_1_310' title='bbox 254 4362 314 4405; x_wconf 94' lang='lat' dir='ltr'>non</span> <span class='ocrx_word' id='word_1_311' title='bbox 326 4343 442 4420; x_wconf 89' lang='lat' dir='ltr'>audire,</span> <span class='ocrx_word' id='word_1_312' title='bbox 459 4345 486 4408; x_wconf 93' lang='lat' dir='ltr'>ei</span> <span class='ocrx_word' id='word_1_313' title='bbox 497 4346 684 4428; x_wconf 86' lang='lat' dir='ltr'>obstrepere,</span> <span class='ocrx_word' id='word_1_314' title='bbox 697 4365 765 4408; x_wconf 89' lang='lat' dir='ltr'>eum</span> <span class='ocrx_word' id='word_1_315' title='bbox 779 4344 956 4426; x_wconf 90' lang='lat' dir='ltr'>perturbare</span> <span class='ocrx_word' id='word_1_316' title='bbox 965 4342 1088 4405; x_wconf 91' lang='lat' dir='ltr'>omnino</span> <span class='ocrx_word' id='word_1_317' title='bbox 1098 4364 1134 4407; x_wconf 90' lang='lat' dir='ltr'>ac</span> <span class='ocrx_word' id='word_1_318' title='bbox 1146 4343 1298 4406; x_wconf 85' lang='lat' dir='ltr'>deterrere</span> 
     </span>
    </p>
   </div>
   <div class='ocr_carea' id='block_1_3' title="bbox 0 0 1387 4966">
    <p class='ocr_par' dir='ltr' id='par_1_5' title="bbox 0 0 1387 4966">
     <span class='ocr_line' id='line_1_39' title="bbox 0 0 1387 4966; baseline 0 0"><span class='ocrx_word' id='word_1_319' title='bbox 0 0 1387 4966; x_wconf 95' lang='lat' dir='ltr'> </span> 
     </span>
    </p>
   </div>
  </div>
 </body>
</html>
