2730 4966
512 391 666 456 ,3.-

68 536 180 600 multos
193 536 271 600 alios
287 535 379 600 fuisse
396 519 546 611 defensae,
572 536 610 598 ab
630 535 737 597 codem
760 549 897 619 rogatam
912 533 1012 620 legem
1026 534 1118 598 Plau·

69 643 142 706 tiam
153 644 164 719 (
168 643 216 730 1);
231 646 269 708 ab
281 643 388 707 eodem
398 641 528 726 denique
540 641 653 705 Juliam
669 640 724 728 (2),
737 641 829 704 Marii
841 643 1012 727 conjugem,
1022 641 1118 724 ipsius

68 770 142 813 vero
158 751 295 823 amitam,
313 749 548 832 Corneliamque
561 747 609 835 (3)
625 767 752 812 uxorem
768 745 927 812 defunctas
938 767 994 830 pro
1010 747 1116 811 rostris

69 858 228 941 magnifice
240 857 378 941 laudatas
392 855 496 921 fuisse.
947 864 950 867 '

115 965 157 1027 Et
166 949 299 1047 quidem,
313 964 412 1047 inquit
423 963 581 1038 Camillus
594 963 893 1048 magnificentissime
902 985 954 1028 eas
963 966 1113 1050 laudavit,

46 1149 49 1157 Ι
69 1093 169 1155 neque
183 1072 213 1134 in
228 1071 287 1136 hac
301 1072 424 1135 laudum
441 1070 602 1154 largitione
620 1072 666 1134 sui
678 1070 744 1155 ipse
760 1071 869 1136 oblitus
881 1081 941 1155 est,
955 1074 981 1136 si
993 1075 1115 1158 quidem

70 1181 99 1243 in
119 1200 153 1242 se
173 1200 241 1242 esse
256 1179 388 1243 ostendit
409 1199 468 1242 non
490 1179 580 1242 modo
604 1199 707 1262 regum
728 1179 934 1263 sanctitatem,
952 1182 1116 1246 sedetiam

70 1287 273 1351 caerimoniam
288 1289 424 1350 deornm.

119 1397 332 1461 -Oratorem
349 1415 421 1478 ergo
433 1415 502 1457 eum
518 1393 610 1457 fnisse
622 1414 680 1455 non
698 1394 813 1457 inficias
824 1394 893 1478 ibis,
907 1395 1006 1478 inquit
1023 1397 1116 1460 Vale·

71 1503 153 1577 rius;
170 1523 226 1566 nec
241 1503 339 1588 magis
355 1504 392 1566 de
405 1502 457 1564 illo
474 1501 657 1564 aveteribus
671 1502 880 1584 scriptoribua
893 1502 945 1587 qui
962 1509 1015 1567 aut
1031 1502 1116 1568 illurn

71 1611 250 1675 audiverant
265 1616 320 1673 urit
336 1616 487 1674 recentem
510 1629 546 1672 ac
561 1609 674 1682 vivam,
692 1618 725 1671 ut
739 1609 784 1672 ita
800 1606 918 1685 dicnni,
934 1618 1118 1692 exceperant

71 1718 137 1804 ejus
149 1717 337 1792 memoriam,
350 1715 524 1781 testimonia
533 1716 676 1780 nonnulla
691 1717 777 1780 nobis
787 1717 901 1781 tradita
912 1738 992 1782 esse.
1007 1719 1117 1782 Nonne

71 1823 165 1908 igitur
177 1823 334 1888 existimas
346 1826 404 1887 ista
416 1823 529 1907 omnia,
544 1830 609 1887 tum
624 1823 704 1887 inter
716 1844 749 1886 se
762 1823 884 1898 collata,
900 1832 964 1888 turn
978 1845 1045 1888 cum
1058 1824 1117 1888 illis

72 1952 149 2016 quas
163 1931 228 2017 ipse
244 1931 365 2014 reliquit
377 1931 464 1994 nobis
479 1931 672 1995 concionibus
688 1941 876 2014 comparata,
892 1932 989 1995 lucem
1004 1932 1060 1996 sibi
1075 1933 1117 1995 in·
1207 1991 1209 1995 ,

70 2037 167 2102 vicem
189 2037 307 2113 atlcrre,
323 2045 355 2101 et
374 2037 490 2120 aliquid
504 2038 578 2101 satis
591 2038 784 2124 perspicuum
805 2038 842 2099 de
861 2045 926 2100 tota
942 2038 999 2101 hao
1014 2046 1120 2101 nostra

72 2147 238 2232 quaestione
261 2145 379 2208 efficere
400 2144 506 2228 posset
524 2145 607 2227 Ergo
626 2166 696 2229 age.
710 2144 758 2208 Tu
773 2161 810 2206 ex
827 2143 891 2228 ejus
907 2145 1038 2228 scriptis,
1051 2166 1119 2228 quae

70 2254 180 2317 diurna
192 2258 400 2339 ,nocturnaque
415 2272 506 2315 manu
523 2273 638 2328 versas,
653 2253 692 2314 de
708 2254 773 2338 ejus
788 2252 961 2336 eloquentia
976 2251 1021 2315 fer
1033 2254 1116 2336 judi·

71 2362 164 2426 oium.
179 2362 246 2446 Ego
259 2361 367 2425 deinde
381 2361 544 2444 excipiam,
560 2368 592 2424 et
606 2382 673 2444 quae
690 2363 769 2444 apud
785 2360 927 2444 antiquos
944 2361 1122 2465 testimonia

72 2469 171 2533 inveni
189 2479 220 2532 et
241 2490 392 2554 exponam
411 2475 444 2532 et
458 2465 623 2532 conferam.
638 2466 701 2529 Iste
715 2475 829 2539 tamen,
844 2466 953 2548 inquit,
967 2466 997 2527 in
1015 2467 1121 2529 AErnia'

72 2577 144 2640 lium
160 2578 294 2660 intuens,
309 2575 359 2661 qui
376 2583 502 2660 paratus
516 2572 555 2638 ad
570 2556 740 2657 imparatos
761 2574 855 2658 venit,
870 2578 901 2637 et
920 2580 1030 2638 nostrae
1047 2577 1120 2638 doc-

72 2683 160 2773 trtnae
177 2685 321 2746 auxilium
338 2684 414 2766 petit
428 2682 574 2764 cumipse
593 2683 694 2744 omnia
708 2683 829 2765 penitus
841 2681 985 2766 indagata
1001 2691 1033 2746 et
1050 2686 1119 2765 perss

74 2798 179 2876 specta
195 2792 317 2866 habeat,
333 2791 445 2854 arbiter
466 2791 584 2853 sedebit
605 2796 636 2852 et
660 2789 768 2872 judex;
786 2799 829 2861 et,
849 2789 873 2852 si
891 2791 963 2873 quid
984 2789 1051 2853 falsi
1068 2803 1121 2854 aut

73 2901 172 2962 minus
183 2899 255 2963 recti
268 2896 494 2982 protulerimus
505 2904 539 2960 ut
550 2896 646 2960 inulta
657 2895 843 2978 proferamus
855 2918 976 2960 neeesse
985 2907 1041 2970 est,
1054 2899 1120 2959 tan-³

74 3028 167 3091 quarn
184 3027 223 3068 ex
239 3006 385 3070 cathedra
402 3003 614 3087 reprehendet.
630 3003 686 3067 Cui
707 3025 773 3067 cnm
791 3003 944 3066 arrisisset
958 3005 1116 3076 AErnilinS,

73 3129 173 3197 neque
193 3112 223 3173 in
247 3119 399 3174 certamen
422 3111 514 3173 sires
534 3109 702 3194 postularet
729 3111 910 3173 descendere
932 3123 1116 3187 recusasset,

73 3219 222 3286 Camillus
238 3218 418 3282 sententiam
431 3238 518 3280 snarn
534 3217 634 3280 dicere
648 3215 773 3300 incepit.

118 3327 271 3392 Caesarern
286 3325 316 3389 in
328 3324 501 3408 eloquentia
514 3322 676 3408 plurimum
687 3323 829 3400 valuisse,
841 3347 907 3388 cum
924 3327 1038 3410 antiqui
1053 3351 1118 3390 onr-

73 3455 128 3498 nes
142 3443 201 3497 uno
217 3454 367 3498 consensu
378 3432 567 3513 tradidmint,
581 3452 638 3516 ego
652 3448 711 3492 uon
728 3433 857 3514 negabo.
885 3433 1009 3501 Tacitus
1025 3435 1115 3509 enirn,

74 3550 109 3605 ut
124 3540 315 3615 meministis,
330 3539 456 3605 summis
467 3559 536 3601 eum
548 3537 719 3601 oratoribus
731 3538 872 3601 aemulum
881 3537 924 3624 (4)
935 3539 1116 3615 declararit;

75 3648 280 3727 Quintilianus
294 3653 397 3709 autern
412 3652 544 3709 testatus
556 3648 603 3706 est
624 3642 649 3705 si
669 3651 786 3706 tanturn
808 3642 872 3707 soro
888 3655 1045 3727 vacasset,
1060 3669 1119 3711 non

76 3755 168 3819 alium
179 3752 350 3818 eRomanis
359 3761 463 3815 contra
471 3749 647 3813 Ciceronem
660 3748 750 3812 luisse
760 3751 976 3816 nominandum
985 3753 1044 3841 (5)
1055 3757 1120 3820 Imo

76 3862 253 3928 Ciceronem
268 3861 367 3944 ipsum
384 3859 498 3940 audite,
512 3857 540 3919 in
558 3856 686 3940 epistola
705 3857 745 3919 ad
763 3857 935 3922 Cornelium
951 3856 1119 3946 Nepotem,

112 4056 149 4128 (1)
162 4067 228 4115 Suet.
243 4065 301 4112 Caes.
315 4065 336 4110 5.
347 4065 379 4110 A.
392 4061 456 4111 Gell.
466 4060 538 4125 tm.

113 4157 146 4217 (Ξ)
166 4154 228 4204 Plut.
241 4155 298 4201 Gna.
309 4155 332 4200 3.
345 4155 411 4202 Suet.
425 4153 482 4199 Caes.
495 4153 518 4200 6.
529 4148 594 4198 Vell.
606 4149 631 4206 2,
643 4148 677 4197 dl.
689 4151 757 4198 Serv.
769 4148 794 4197 iu
805 4152 875 4214 Virg.
888 4155 942 4201 AEn.
955 4155 977 4212 l,
988 4155 1037 4202 267.

113 4240 147 4309 (3)
165 4244 229 4291 Plut.
245 4243 305 4292 Caes.
320 4244 342 4293 5.
356 4246 422 4292 Suet.
439 4243 497 4290 Caes.
512 4242 532 4286 6.
544 4265 580 4275 —
597 4237 630 4303 (l)
645 4241 702 4294 Tac,
716 4243 782 4289 Anu.
796 4243 832 4299 13,
846 4244 869 4292 3.

113 4330 147 4399 (5)
166 4329 250 4393 Quint.
262 4331 298 4389 10,
314 4331 338 4392 1,
350 4332 398 4378 111.
421 4329 490 4378 Haud
502 4329 641 4382 alitoerll.
653 4333 676 4399 Ξ,
686 4333 721 4393 36,
736 4331 870 4397 proximum
886 4330 993 4384 Ciceroni
1008 4336 1124 4387 Cesar-ont

78 4429 156 4487 putat.

212 4509 240 4562 l.
