2730 4966
503 372 675 436 ...19-

57 512 105 586 iri,
124 514 206 596 quod
222 513 435 577 molestissime
454 515 491 576 ab
508 534 544 575 eo
558 512 629 576 ferri
643 533 764 596 aequum
779 520 857 594 erat,
878 515 952 578 nihil
971 515 1109 599 indigna·

58 626 118 694 tur,
145 619 220 684 nihil
243 619 394 693 irascitur,
419 618 493 681 nihil
513 619 663 684 minarum
685 641 881 704 poenarumve
906 630 1052 686 ostentat.
1075 623 1111 687 ld

56 732 178 789 tantum
197 727 355 808 profitetur
375 724 501 788 setalia
520 727 558 787 ab
579 724 640 788 illis
661 739 852 809 nequaquam
872 728 1012 791 meritum
1029 749 1107 803 esse,

56 833 120 896 tale
135 832 227 917 igitur
240 831 315 894 nihil
329 832 452 907 timere;
476 853 512 896 ac
535 833 674 915 protinus
690 841 895 917 experturum,
914 843 1014 898 utrum
1030 836 1111 918 apud

57 959 111 1002 eos
133 939 230 1022 pudor
252 946 284 1000 et
307 937 454 1012 officium,
478 958 516 999 an
538 938 629 1001 timor
653 939 722 1021 plus
743 940 868 1003 valeret.
894 939 1005 1004 Nonne
1025 942 1112 1006 vides

57 1066 181 1109 omnem
193 1044 391 1118 audientiam,
408 1046 563 1108 conversis
575 1045 754 1131 jamdudum
767 1047 929 1122 mentibus
945 1046 975 1111 et
987 1048 1026 1110 ed
1038 1050 1112 1112 fidu·

58 1152 137 1215 ciam
164 1151 209 1214 sui
233 1159 264 1214 et
291 1133 420 1214 Caesaris
441 1149 672 1214 admirationem
694 1152 856 1228 traductiS,
882 1161 1058 1238 surgentem
1081 1162 1113 1218 et

57 1259 177 1322 timoris
191 1258 392 1342 suspicionem
412 1278 431 1320 a
449 1278 482 1319 se
501 1257 744 1341 propulsantem,
759 1267 791 1323 et
800 1259 1040 1325 conclamantem
1051 1283 1113 1326 una

57 1385 135 1430 voce
153 1385 345 1448 quocumque
357 1365 466 1427 ducere
479 1365 552 1427 velit
565 1373 736 1428 secuturam
749 1387 782 1430 se
794 1373 848 1429 aut
864 1369 1110 1431 antecessuraml

104 1474 216 1556 Neque
239 1474 270 1536 id
296 1481 399 1537 tamen
425 1474 537 1536 oratori
558 1475 634 1537 satis
658 1482 706 1537 cst
723 1498 729 1536 :
749 1474 911 1538 acerrimos
935 1475 1114 1539 militaribus

58 1581 171 1644 animis
185 1581 324 1646 stimulos
338 1582 451 1656 subdit,
470 1569 693 1646 aemulationem
710 1602 745 1643 ac
760 1588 914 1645 certarnen
930 1580 1114 1656 fortitudinis

58 1695 91 1752 et
107 1688 234 1773 gloriae':
254 1717 266 1741 u
284 1688 374 1766 Quod
391 1688 417 1752 si
432 1698 578 1772 praeterea
594 1709 682 1751 nemo
699 1694 862 1771 sequatur,
880 1697 981 1751 tamen
997 1708 1031 1767 sa
1045 1710 1111 1751 curn

64 1823 77 1849 u
104 1796 171 1859 sola
185 1795 303 1860 decima
317 1795 434 1879 legione
449 1783 580 1877 iturum,
601 1797 638 1859 de
655 1817 716 1879 qua
734 1816 797 1881 non
810 1795 975 1878 dubitaret,
993 1797 1111 1879 sibique

65 1930 78 1956 u
107 1923 176 1965 eam
193 1903 349 1966 cohortem
364 1903 538 1986 praetoriam
553 1901 698 1967 futuram.
718 1934 730 1956 ιν

106 2009 189 2087 Quid
204 2008 290 2072 uobis
306 2009 443 2075 videant
467 2009 553 2073 Num
573 2008 665 2072 fuisse
685 2029 818 2090 unquam
833 2015 985 2070 oratorem
1001 2008 1115 2088 putatis

59 2116 92 2181 in
109 2116 277 2180 tractandis
290 2115 445 2179 hominum
465 2116 594 2200 ingeniis
612 2114 796 2177 callidiorem
816 2135 851 2176 ac
871 2113 1111 2195 prudentioreml

59 2224 171 2289 Dicam
188 2222 327 2305 equidem
350 2224 430 2305 quod
450 2223 562 2296 sentio,
586 2243 644 2283 non
663 2222 759 2306 magis
777 2242 845 2285 eum
862 2222 891 2283 in
909 2221 1002 2284 armis
1022 2243 1113 2304 quarn

60 2331 92 2395 in
116 2331 289 2413 eloquentia
309 2323 504 2413 praestitisse,
531 2352 630 2413 neque
651 2329 749 2412 inagis
770 2330 887 2413 agendo
910 2351 945 2391 ac
967 2330 1114 2392 vincendo

60 2460 155 2524 quarn
172 2439 323 2522 loquendo
345 2446 442 2502 terras
461 2438 629 2501 domuisse.
651 2437 719 2500 Sed
733 2457 788 2499 vos
804 2437 877 2518 quid
897 2435 1031 2498 effecerit
1052 2446 1114 2498 tam

58 2546 170 2612 callida
185 2545 320 2610 oratione
332 2546 436 2609 audire
451 2545 619 2630 gestientes
633 2544 733 2606 video.

112 2682 125 2708 ιι
152 2652 222 2715 Hac
244 2651 386 2715 oratione
399 2650 514 2724 habitu,
539 2650 648 2712 mirum
670 2649 700 2710 iu
724 2648 846 2711 modurn
869 2667 1022 2713 conversae
1044 2656 1116 2711 sunt

66 2789 79 2814 u
107 2758 242 2821 omnium
270 2767 408 2841 mentes,
435 2777 615 2841 summaque
642 2755 784 2844 alacritas
808 2763 839 2819 et
865 2755 1016 2838 cupiditas
1047 2755 1115 2817 belli

31 2853 37 2864 ¹
69 2897 82 2924 u
113 2866 238 2952 gerendi
253 2866 358 2930 innata
382 2874 450 2930 est:
469 2865 668 2954 princepsque
684 2863 803 2925 decima
817 2861 895 2945 legio
912 2883 965 2944 per
982 2861 1117 2925 tribunos

52 3003 79 3049 «μ
107 2971 237 3041 militum
252 2973 280 3036 ei
290 2973 411 3056 gratias
420 2973 493 3055 egit,
513 2970 595 3054 quod
607 2970 689 3032 dese
702 2969 851 3051 optimum
865 2967 1011 3052 judicium
1030 2966 1117 3032 fecis-

65 3111 80 3140 ιι
107 3086 167 3155 set,
186 3101 280 3163 seque
299 3100 366 3142 esse
386 3080 424 3141 ad
444 3078 555 3142 bellum
577 3077 740 3160 gerendum
759 3075 982 3158 paratissimam
1002 3076 1115 3138 confir-

68 3218 82 3245 ι
108 3187 221 3261 mauit;
249 3186 358 3250 deinde
386 3185 507 3268 reliquae
532 3184 666 3267 legiones
689 3203 745 3266 per
770 3183 907 3245 tribunos
929 3181 1058 3245 militum
1085 3190 1117 3248 et

68 3327 82 3352 a
110 3295 275 3379 primorum
291 3293 430 3356 ordinum
445 3292 636 3355 centuriones
655 3296 793 3375 egerunt,
816 3295 851 3353 ut
865 3288 980 3354 Caesari
995 3289 1117 3354 satisfa-

68 3434 82 3459 ν
110 3410 213 3470 carent
240 3426 246 3465 :
270 3423 320 3484 se,
348 3421 447 3484 neque
470 3416 603 3483 unquam
627 3397 802 3472 dubitasse,
830 3418 931 3480 neque
957 3397 1114 3470 timuisse,

67 3541 82 3570 u
109 3531 208 3594 neque
223 3510 261 3572 de
278 3531 397 3572 summa
413 3508 482 3571 belli
499 3528 586 3571 suum
604 3505 746 3591 judicium
768 3505 820 3567 sed
842 3504 1035 3588 imperatoris
1051 3525 1117 3568 esse

57 3640 84 3680 u
110 3617 345 3681 existimavisse.
370 3648 382 3672 n
720 3638 749 3699 Q

112 3726 189 3790 Haeo
209 3745 266 3809 ego
287 3744 347 3786 non
368 3721 520 3785 laudanda
541 3741 609 3783 esse
629 3740 711 3792 reor,
737 3720 788 3782 sed
818 3726 935 3782 tanturn
957 3719 1086 3803 legenda
1108 3741 1114 3779 ι

57 3833 135 3916 ,ipsa
155 3831 237 3895 enim
255 3852 321 3895 sese
340 3830 415 3893 satis
433 3829 571 3892 laudant.

112 3937 297 4005 Conoionem
313 3945 415 4000 tamen
432 3935 514 3997 illam
530 3955 589 3995 non
609 3953 681 3995 sane
700 3930 855 4014 pulchram
871 3930 957 4006 satiS,
980 3938 1013 3993 at
1034 3951 1119 3994 man-

63 4068 150 4121 cam,
175 4043 335 4119 humilem,
363 4040 613 4106 contemnendam
633 4039 761 4120 denique
782 4037 946 4104 aestimavit
963 4038 1024 4101 Dio
1041 4037 1118 4100 Cas-

61 4155 142 4237 sius,
162 4153 213 4236 qui
234 4173 301 4214 earn
322 4150 380 4213 sibi
400 4147 619 4232 corrigendam,
643 4154 696 4209 aut
713 4145 815 4230 potius
832 4143 967 4208 funditus
986 4143 1119 4210 reficien-

67 4263 138 4325 dam
151 4258 311 4347 judicarit.
327 4257 438 4321 Nonne
460 4276 558 4338 operae
574 4253 706 4338 pretium
720 4253 851 4318 facturos
873 4274 928 4316 nos
948 4249 1074 4335 putatis,
1092 4248 1119 4312 si
1147 4343 1150 4349 Ι

67 4368 151 4439 illam
172 4364 350 4448 simplicem,
374 4365 412 4433 ab
429 4363 509 4426 omni
525 4360 656 4436 oratorio
674 4359 755 4436 fastu
777 4360 1002 4440 abhorrentem,
1028 4363 1120 4441 atque

214 4475 240 4538 2.
