2730 4966
416 341 422 352 ·
491 304 669 395 215ss

58 493 99 535 ex
115 471 392 537 verisimilitudine
407 471 479 536 licta
497 479 529 535 et
542 474 720 556 composite.
741 472 900 538 Veriorem
921 476 1014 561 igitur
1030 478 1104 541 alte-

56 594 123 643 ram
140 577 180 665 (ll
194 579 295 662 potios
315 598 482 662 sumamus,
499 595 560 663 quo
580 581 774 666 perterritum
799 582 948 647 Ariovisti
972 585 1105 648 adventu

56 686 442 750 exercitumconfirmarit.
471 675 472 678 ¹
886 716 900 752 ο
1008 687 1013 699 ’

103 793 183 872 Quis
197 801 299 858 autern
319 800 419 858 status
439 808 539 858 rerum
560 803 592 860 et
614 795 782 859 animorum
800 795 889 860 fuerit
910 797 1104 863 meministis.

57 903 238 966 Adventare
253 901 409 966 dicebatur
422 902 554 966 bostium
574 923 671 989 genus
691 904 822 966 barnano
841 905 957 991 rnajus;
974 912 1108 979 statura,

56 1011 176 1086 robore,
197 1009 415 1074 exercitatione
430 1010 461 1073 in
478 1010 571 1074 armis
593 1009 833 1086 forrnidandum;
851 992 988 1099 cujusne
1007 1015 1107 1079 vultus

57 1117 181 1202 quidem
197 1124 290 1200 atque
311 1116 392 1180 acies
408 1116 562 1181 oculorum
578 1117 648 1181 ferri
669 1126 783 1202 posset.
802 1119 885 1184 Hinc
906 1129 1106 1186 consternatae

57 1225 192 1288 omniurn
209 1232 338 1307 mentes,
351 1225 469 1310 dejecte
485 1245 538 1287 ora
553 1248 559 1290 :
577 1224 689 1308 ubique
704 1245 810 1310 paror,
822 1227 934 1310 luctus,
950 1227 1102 1315 lacrymae.

55 1331 213 1406 Nonnulli,
229 1331 424 1395 excusatione
440 1333 521 1407 licta,
532 1334 665 1396 ecastris
677 1333 807 1397 Romam
820 1333 991 1418 fugiebant;
1004 1336 1105 1402 caeteri

56 1432 244 1504 testamenta
255 1438 471 1522 obsignabant;
485 1447 516 1502 et
530 1439 643 1504 Coesari
660 1438 902 1516 renuntiabatur,
921 1463 989 1506 eum
1003 1452 1104 1508 castra

56 1545 175 1635 moueri
195 1546 351 1632 jussisset,
380 1564 444 1607 non
457 1543 537 1632 fore
561 1545 645 1608 dicto
667 1546 827 1609 [radiantes
854 1548 978 1626 militer,
1006 1570 1105 1638 nepae

50 1661 186 1742 propter
204 1660 348 1715 timorem
374 1660 467 1739 tigna
496 1651 629 1734 laturos.
656 1654 703 1716 Eo
722 1654 813 1718 altius
834 1662 1048 1738 penetraverat
1073 1657 1105 1722 id

56 1762 184 1836 malurn,
205 1760 285 1843 quod
301 1761 341 1823 ab·
354 1759 392 1823 iis
414 1758 489 1844 ipsis
504 1768 632 1845 quorum
650 1761 762 1825 virtute
777 1774 809 1825 et
823 1764 984 1846 prudentia
997 1765 1038 1842 ad
1053 1786 1104 1829 sa·-

56 1868 176 1932 n'undas
193 1867 277 1952 vulgi
297 1875 414 1930 mentes
426 1868 576 1931 confidere
590 1868 737 1932 debuerat
748 1868 925 1952 imperator,
942 1882 962 1934 e
976 1871 1104 1938 tribunis

57 1974 199 2049 milituln,
214 1971 375 2057 praesectis,
390 1974 626 2044 centurionibus.
640 1974 733 2038 totius
748 1975 866 2037 initium
883 1977 977 2039 morbi
991 1979 1104 2060 profec-

57 2087 204 2145 tumesse
219 2080 391 2143 constabat.
404 2079 495 2142 Unus
509 2078 600 2163 igitur
620 2079 724 2143 Caesar
739 2090 845 2143 contra
860 2095 967 2146 omnes
984 2105 991 2145 :
1006 2104 1104 2167 eoque

56 2184 199 2272 iniquidri
214 2186 281 2249 loco
293 2191 359 2249 erat
371 2204 430 2261 res,
447 2185 527 2269 quod
541 2186 596 2248 boc
607 2186 719 2250 bellurn
730 2207 830 2270 neque
844 2191 1104 2255 senatusconsulto

56 2306 157 2378 neque
172 2294 239 2378 lege
250 2292 388 2376 jussum,
404 2293 458 2356 sed
477 2293 517 2356 ab
531 2312 567 2356 eo
589 2293 669 2357 ultro
684 2300 859 2378 susceptum
874 2316 941 2359 esse
952 2298 1103 2362 nerninem

55 2399 183 2466 fallebat
195 2422 202 2476 3
220 2407 378 2485 almagno
393 2407 459 2464 erat
469 2399 600 2482 suspicio
615 2400 781 2482 periculum
792 2403 1000 2466 recusantibus
1013 2425 1104 2488 para·

56 2516 123 2574 tato
139 2516 207 2572 esee
220 2507 328 2572 Murra
342 2506 424 2591 apud
440 2505 592 2589 principes
604 2513 636 2569 et
647 2505 766 2570 facilem
781 2508 901 2573 veniam
913 2516 944 2573 et
959 2511 1099 2594 gratiam.

22 2606 24 2611 ¹
57 2617 168 2701 Neque
187 2614 280 2699 igitur
301 2613 400 2690 ruinis,
420 2625 518 2696 neque
530 2612 685 2697 suppliciis
699 2612 809 2680 licebat
823 2614 982 2699 imperium
995 2621 1103 2683 confir-

56 2744 153 2798 mare,
169 2743 268 2806 neque
287 2720 344 2783 niti
358 2720 475 2804 legibus
490 2729 522 2784 et
538 2722 700 2806 majestate
711 2723 815 2809 populi
833 2727 949 2797 romani
965 2749 971 2789 :
991 2743 1061 2810 spes
1073 2736 1104 2792 et

56 2816 132 2916 opes
147 2838 252 2894 ornnes
263 2831 293 2892 in
310 2828 482 2913 eloquentia
497 2827 604 2913 positae
619 2837 714 2893 erant.
732 2830 814 2908 Quid
831 2841 945 2911 autern,
962 2835 1061 2898 surdis
1072 2845 1104 2900 et

56 2937 217 3003 formidine
229 2937 377 3002 obseratis
391 2938 526 3016 auribuS,
544 2945 647 3021 potest
663 2937 856 3021 eloquential

103 3044 166 3108 Hic
185 3050 288 3108 autern
311 3054 424 3106 nouum·
445 3042 537 3106 etiam
561 3043 713 3107 oriebatur
737 3056 769 3108 et
790 3065 901 3129 anceps
923 3047 1101 3128 periculum.

55 3151 194 3219 Primum
217 3151 309 3230 enirn,
327 3149 352 3211 si
369 3149 499 3234 graviori
512 3147 650 3212 oratione
662 3156 776 3213 metum
789 3157 820 3214 et
830 3151 982 3236 ignaviam
998 3174 1104 3238 expro-

55 3261 146 3323 brare
157 3256 259 3340 vellet,
278 3255 445 3320 timendum
458 3264 523 3319 erat
539 3277 578 3318 ne
597 3276 636 3318 ex
653 3257 769 3340 pudore
783 3257 916 3323 dolorem
929 3268 960 3325 et
974 3260 1046 3337 iras,
1065 3284 1104 3326 en

56 3363 269 3449 desperatione
289 3362 467 3427 seditionem
495 3361 677 3438 concitaret;
697 3363 744 3427 sin
770 3371 875 3429 autern
895 3366 1053 3453 indulgere
1073 3376 1105 3432 et

57 3481 173 3538 morem
191 3490 295 3558 gerere
310 3473 399 3557 aegris
415 3472 567 3535 mentibus
578 3471 682 3546 vellet,
699 3492 737 3536 ne
748 3474 814 3556 ipse
828 3474 962 3538 animum
974 3477 1105 3559 despon-

56 3577 142 3656 dere,
159 3581 272 3664 ipsese
285 3581 425 3642 deserere
440 3587 471 3641 et
487 3579 613 3662 irnperio
630 3599 663 3642 se
678 3580 819 3645 abdicare
832 3581 927 3658 risus,
942 3584 1105 3668 despectus

56 3704 94 3753 ac
105 3688 174 3752 vilis
185 3689 281 3751 lieret.
294 3685 410 3750 Audite
421 3683 585 3759 Caesareur,
598 3677 692 3769 utque
708 3708 774 3749 sese
786 3709 826 3750 ex
841 3689 981 3754 omnibus
990 3670 1108 3775 laqueis

55 3795 213 3880 expediat,
231 3792 401 3857 attendite:
423 3816 434 3844 u
455 3791 631 3856 Convocato
646 3792 783 3868 concilio,
806 3795 1001 3880 omniumque
1023 3800 1105 3863 ordi··

61 3932 76 3956 u
92 3913 164 3967 num
178 3903 215 3966 ad
229 3899 260 3964 id
274 3899 431 3965 concilium
444 3899 587 3963 adhibitis
598 3900 834 3985 centurionibuS‚
848 3903 1043 3970 vehementer
1054 3929 1107 3971 eos

61 4009 253 4074 aincusauit.
270 4039 284 4064 a
309 4007 393 4071 Num
418 4009 500 4091 quod
524 4007 657 4070 animum
683 4009 937 4092 despondissentl
963 4014 1101 4076 Minime.

55 4119 263 4198 Quamobrem
285 4115 417 4180 scilicetl
437 4140 449 4168 u
468 4116 569 4193 Quod,
587 4135 680 4199 quarn
696 4115 727 4179 in
742 4127 859 4200 partem
884 4129 937 4184 aut
956 4141 1016 4204 quo
1031 4142 1104 4184 con⁴

92 4354 126 4427 (q
138 4359 196 4410 cas.
210 4357 241 4408 ae
252 4345 313 4408 aar.
324 4348 434 4435 calip,
447 4339 496 4408 a,

160 4530 166 4545 r

150 4552 167 4581 ᾖ.
