2730 4966
604 402 647 414 -
671 365 779 447 357·-

213 508 366 573 Caesarem
387 514 491 574 autem
510 508 630 592 ipsum,
656 531 749 593 quum
772 516 891 575 tantum
908 509 1021 574 salibus
1040 511 1211 596 juvaretur,

168 637 230 678 non
244 616 349 679 infelix
359 616 511 700 ingenium
525 621 664 692 enatura
675 617 819 682 habuisse
830 601 1024 684 manifestum
1037 625 1094 680 est.
1106 617 1215 700 Neque

168 731 289 785 tantum
307 723 335 784 in
353 743 390 785 ea
405 723 566 787 dicacitate
582 720 716 786 mordaci
736 730 768 788 et
787 723 849 787 acri
872 722 1025 799 excelluit,
1050 723 1097 786 cui
1118 723 1215 806 proeci·

168 848 261 911 punm
273 829 336 892 vim
348 829 433 893 addit
448 832 642 912 contemptus
655 829 782 892 aliorum
796 849 833 894 ao
844 829 891 893 sui
902 826 1023 906 fiducia,
1039 830 1096 893 sed
1105 827 1217 893 festiva

170 936 262 1000 etiam
278 945 310 999 et
326 937 431 1021 jocosa
444 935 545 998 indole
564 936 727 1019 praeditum
743 954 813 998 eum
828 934 920 999 luisse
937 942 1033 1019 patet.
1052 936 1103 999 Ne
1116 936 1217 1000 verbis

170 1042 293 1124 quidem
307 1042 472 1106 amicorum
487 1063 557 1106 eum
571 1043 754 1126 pepercisse,
771 1042 844 1126 quin
859 1062 896 1106 ea
908 1042 1027 1107 luderet
1040 1049 1135 1126 atque
1148 1043 1217 1111 irri-

171 1149 266 1222 deret,
284 1148 375 1231 paulo
392 1157 463 1214 ante
485 1149 685 1235 ostendimus.
708 1149 841 1213 Vidistis
862 1149 954 1213 etium
976 1166 1069 1234 quarn
1090 1148 1218 1216 libenter

170 1255 273 1319 omnia
287 1256 336 1320 vel
351 1257 481 1320 adversa
494 1263 526 1321 et
538 1256 708 1340 periculosa
722 1257 763 1320 ad
774 1257 877 1342 jocum
893 1257 1039 1335 traheret,
1059 1265 1152 1343 quum
1169 1258 1217 1341 pi-

170 1361 245 1425 ratis
260 1382 278 1424 a
293 1362 402 1445 quibus
416 1369 524 1446 captus
538 1370 605 1428 erat
618 1370 765 1446 tanquam
784 1361 973 1427 auditoribus
988 1378 1063 1427 usus
1077 1370 1134 1426 est.
1154 1362 1219 1426 Illis

171 1475 273 1556 autem
290 1468 360 1531 seris
376 1476 407 1533 et
423 1468 512 1534 saevis
527 1469 700 1533 hominibus
721 1468 811 1533 hilari
831 1468 939 1532 habitu
958 1474 990 1532 et
1006 1468 1116 1533 festivo
1131 1473 1217 1532 s'um-
1236 1521 1240 1527 .

171 1595 295 1658 mopere
305 1575 456 1658 placuisse
464 1574 572 1651 fertum
587 1575 725 1659 adeoque
735 1574 852 1640 facetus
862 1575 946 1639 visus
956 1581 1014 1651 est,
1024 1578 1060 1639 ut
1071 1575 1219 1660 quidquid
1338 1653 1341 1658 ,

171 1681 285 1745 diceret
305 1692 452 1766 tanquam
472 1696 528 1765 per
548 1684 649 1769 jocum
671 1684 710 1746 ab
731 1703 768 1746 eo
789 1682 904 1746 dictum
925 1681 1107 1775 acciperent,
1125 1685 1220 1765 utque

171 1790 238 1853 illos
249 1790 449 1854 audacissime
458 1812 532 1855 vera
540 1791 709 1875 profitendo
722 1791 827 1856 luserit
837 1788 890 1879 (l).
903 1790 948 1856 Ut
960 1789 1038 1852 enim
1049 1790 1180 1874 primurn
1188 1789 1233 1852 in¹

173 1878 408 1963 manus'illorum
418 1899 514 1988 venit,
527 1919 621 1982 quum
630 1900 669 1962 ab
681 1920 717 1963 eo
729 1881 909 1983 petivissent
916 1905 950 1964 ut
961 1903 995 1962 'se
1005 1897 1114 1982 viginti
1125 1898 1221 1962 talen-

173 2004 212 2068 tis
223 2006 398 2088 redimeret,-
416 2012 562 2088 tanquam
579 2005 688 2096 stultos
703 2014 735 2069 et
751 2026 905 2081 verveces,
918 2005 1070 2088 quodnon
1081 2003 1221 2069 viderent

172 2111 278 2194 quanli
295 2112 402 2194 praeda
421 2118 618 2194 essetquam
640 2111 803 2195 cepissent,
825 2111 954 2192 ludibrio
974 2106 1092 2174 habuit.
1109 2109 1221 2194 Neque

173 2216 558 2302 solumviginti,sedetiam
566 2217 787 2303 quinquaginta
796 2219 911 2282 talenta
920 2218 1063 2282 daturum
1071 2224 1220 2301 se,atque

173 2324 279 2398 etiarn,
291 2323 397 2386 solutis
408 2324 549 2404 nummis,
558 2341 611 2410 eos
621 2307 725 2389 omnes
735 2325 815 2390 cruci
825 2325 986 2389 affixurum
997 2324 1149 2408 pollicitus
1158 2330 1217 2387 est.

174 2429 286 2492 Ridere
298 2428 352 2505 illi,
379 2436 411 2494 et
422 2430 530 2514 laetari,
557 2438 589 2494 et
600 2430 860 2494 adolescentulum
874 2429 1008 2512 lepidum
1031 2436 1064 2492 et
1082 2429 1219 2514 jocosum

174 2535 276 2599 mirari
292 2559 297 2597 :
312 2537 406 2601 donec
429 2558 481 2600 eos
500 2535 551 2599 ille
570 2536 749 2624 „recedentes
770 2556 839 2600 curu
861 2534 995 2621 pecunia.
1003 2534 1128 2598 adortus
1140 2535 1221 2618 cepit

161 2650 283 2726 atque,
303 2650 337 2706 ut
350 2642 531 2726 promissum
545 2647 710 2725 utrumque
725 2643 912 2722 absolveret,
936 2640 1085 2725 supplicio
1103 2640 1217 2708 affecit.

143 2806 174 2850 .·
218 2750 375 2814 Facillime
384 2749 476 2833 igitur
485 2750 606 2814 credam
616 2747 832 2828 Quinctilia‘no,
845 2747 957 2834 ingenii
967 2748 1033 2834 ejus
1043 2762 1168 2812 acumen
1180 2742 1220 2836 12)

152 2937 155 2942 Ι
173 2858 322 2923 laudanti.
340 2859 442 2944 Magis
461 2847 587 2922 mirarer
605 2880 658 2923 cur
676 2866 740 2921 tam
757 2877 855 2942 pauca
872 2856 912 2921 de
931 2876 967 2919 eo
983 2855 1064 2940 apud
1078 2855 1221 2938 antiquos

173 2965 380 3041 inveniamus,
397 2964 456 3028 nisi
471 2963 672 3049 intelligerem
690 2958 726 3049 ¹et
746 2963 873 3028 oratoris
889 2969 921 3027 et
934 2961 1066 3026 hominis
1079 2960 1173 3046 lepidi
1188 2970 1221 3025 et

175 3071 275 3135 nasuti
290 3071 412 3139 laudem
425 3070 535 3134 summi
552 3070 638 3134 deicis
652 3054 684 3134 et
699 3067 856 3134 dictatoris
871 3066 967 3154 gloria
981 3072 1129 3151 tanquam
1144 3063 1221 3132 ouu-

175 3194 240 3242 sam
260 3197 339 3241 esse.
359 3177 439 3241 Sunt
458 3183 562 3240 tamen
577 3176 717 3260 quaedam
731 3177 796 3269 ejus
814 3174 898 3240 dicta
918 3173 1029 3239 mirum
1043 3173 1075 3237 in
1095 3166 1221 3238 modum

175 3292 247 3348 nuta
261 3291 292 3348 et
305 3283 469 3348 celebrata.
483 3281 560 3361 Quis
572 3283 652 3346 enim
664 3302 734 3346 eum
743 3302 804 3346 non
813 3280 931 3346 audivit
942 3279 1120 3345 seditionem
1130 3292 1220 3346 exer·-

175 3391 253 3456 citus
269 3411 330 3465 uno
344 3391 437 3454 verbo
452 3389 673 3474 compescuisse
689 3389 701 3451 1
719 3388 896 3468 Queruntur
915 3387 1073 3451 decumani
1092 3393 1139 3451 tot
1152 3375 1220 3471 jain

176 3498 262 3560 bellis
273 3497 416 3574 confecti3
430 3503 478 3562 tot
488 3496 622 3560 victoriis
634 3495 756 3580 superbi
769 3497 801 3559 in
813 3495 912 3560 minas
925 3500 956 3559 et
967 3493 1029 3559 vim
1041 3501 1216 3577 erumpunt.

175 3606 256 3670 Ecce
270 3612 373 3670 autem
391 3605 432 3668 ad
451 3604 600 3696 eosvenit
616 3603 738 3678 Casan
755 3604 930 3668 missionem
949 3592 1041 3686 quam
1054 3598 1217 3686 flagitant,

176 3713 280 3777 statim
293 3714 364 3787 dat;
381 3712 487 3777 statim
503 3711 587 3775 abire
599 3711 700 3796 jubet,
717 3719 749 3775 et
765 3719 909 3795 tanquam
924 3709 1065 3773 dimissos
1080 3707 1220 3794 Quirites

177 3829 266 3885 vocat
282 3820 341 3908 (3).
359 3820 439 3898 Quid
454 3826 556 3883 alitem
572 3818 638 3883 illit
660 3806 774 3883 Milites
787 3838 821 3881 se
836 3838 925 3896 esse,
936 3826 995 3881 non
1012 3815 1138 3901 quirites
1150 3824 1222 3880 coll·

177 3925 279 3990 lestim
295 3925 428 3991 clamant
446 3947 454 3988 ε
475 3930 536 3989 imo
550 3936 658 4018 poenus
671 3924 752 3989 'ullm
767 3933 954 4011 exposcunt,
971 3923 1051 3988 ultro
1066 3922 1220 3988 Caes'are'rlr

177 4033 318 4120 quamvis
335 4039 526 4106 recusantem
546 4032 577 4127 in
597 4032 734 4096 Africam
755 4041 934 4116 sequuntur.
957 4020 1037 4112 Quis
1053 4032 1146 4116 igliur
1165 4048 1222 4094 un·

215 4277 246 4349 (l)
266 4279 328 4330 alut,
337 4282 368 4339 2¹,
381 4280 445 4328 Suet.
455 4278 478 4330 1.
488 4302 524 4314 -
535 4275 569 4342 (2)
579 4275 677 4341 Quinct.
685 4278 721 4337 lu,
733 4277 757 4343 1,
770 4279 819 4328 111.
897 4320 902 4327 .

213 4368 245 4438 (3)
265 4373 322 4420 Tac.
334 4372 400 4420 Auo.
414 4371 436 4432 l,
449 4369 491 4438 ⁴25
504 4370 572 4423 Suet.
581 4368 641 4419 Caes.
653 4368 688 4416 70.
700 4363 758 4425 vid.
768 4373 792 4417 ct
803 4368 869 4435 App.
883 4372 907 4418 et
920 4364 975 4418 Dio.

286 4459 313 4512 3¹
934 4464 942 4470 .

334 4558 354 4591 v
460 4562 469 4571 .
