2730 4966
595 332 771 395 „ffl-

156 479 242 547 tare;
265 473 378 541 Caesari
402 472 594 558 potissimum
616 473 808 556 splendorem
824 473 942 538 tribuit.
974 503 987 528 ι·
1011 477 1206 554 Adstrictior‚

159 580 313 665 nunquit,
339 580 470 654 Calvus,
498 580 686 646 numerosior
710 579 856 662 AsiniuS,
883 581 1069 663 splendidior
1094 585 1207 660 Caesar,

160 717 173 742 u
194 688 327 752 amarior
341 688 467 768 Caelius,
487 688 757 773 gravioertus,
777 688 990 753 vehementior
1003 698 1036 755 et
1047 690 1164 774 plenior
1179 700 1211 756 et
1279 695 1281 700 ’

161 825 174 850 u
194 794 343 859 valentior
358 795 466 860 Cicero
481 794 534 878 (1).
554 826 567 850 n
584 793 715 859 Cuinam
730 793 822 878 igitur
835 795 884 859 hic
899 795 945 858 vis
959 804 990 861 ot
1004 799 1166 862 concitatio
1179 806 1211 863 et

155 902 352 966 vehementia
364 903 455 965 datur
464 901 476 965 t
486 902 568 965 Num
583 900 713 986 impigro
726 902 795 965 duci
804 909 836 964 et
849 902 1038 988 imperatori,
1051 905 1162 988 quietis
1174 927 1210 969 ac
1254 925 1258 936 ·

157 1029 250 1072 morae
264 1008 448 1090 impatienti,
466 1008 520 1091 qui
532 1007 688 1072 celeritate
703 1007 800 1090 magis
817 1029 909 1091 quam
926 1007 1101 1075 fortitudine
1118 1019 1165 1076 tot
1179 1020 1211 1077 et

157 1123 243 1179 tantu
257 1115 337 1178 bella
351 1114 496 1179 confecitl
510 1114 638 1178 Minime
651 1137 658 1186 ;
674 1114 729 1178 sed
742 1113 894 1188 Ciceroni,
912 1116 1100 1181 dubitatione
1112 1120 1210 1203 magis

156 1221 250 1285 animi
271 1229 344 1285 noto
364 1242 457 1304 quam
472 1221 629 1285 celeritate
648 1221 700 1284 illa
723 1249 736 1272 u
756 1222 889 1304 quodam
908 1223 980 1306 igne
995 1225 1109 1288 volucri
1125 1224 1173 1312 (2)
1192 1259 1205 1281 n

157 1349 250 1412 quam
268 1328 348 1411 apud
367 1327 519 1392 Caesarem
543 1327 662 1392 Plinius
680 1328 829 1392 laudavit.
854 1329 927 1394 Utri
950 1351 1023 1394 vero
1047 1332 1208 1416 splendori

155 1436 242 1503 Num
262 1434 374 1498 oratori
390 1437 428 1499 de
442 1433 554 1507 verbis
569 1441 602 1498 ut
624 1435 721 1516 aiunt,
740 1435 838 1517 magis
856 1457 950 1517 quam
968 1437 1005 1500 de
1021 1439 1110 1502 rebus
1124 1440 1209 1505 labo-

157 1542 252 1607 rantil
270 1542 417 1617 Minime;
435 1542 490 1605 sed
501 1540 570 1604 duci
586 1540 615 1602 in
629 1541 723 1604 armis
736 1547 868 1617 tantum,
883 1548 920 1606 ut
931 1564 992 1606 non
1003 1564 1094 1609 nemo
1106 1545 1209 1613 existi-

155 1658 232 1725 mat,
248 1650 395 1715 exercito.
410 1650 489 1714 Uter
503 1648 584 1712 enim
601 1648 802 1731 splendidiorl
819 1648 931 1713 Caesar.
953 1650 1032 1716 Uter
1044 1652 1207 1718 vehemen-

156 1757 226 1830 tior,
243 1765 274 1822 et
289 1756 418 1840 plenior,
433 1763 464 1820 et
481 1755 651 1820 valentiorl
667 1756 786 1820 Cicero.
1050 1760 1054 1769 '

201 1866 326 1931 Tacitus
337 1876 452 1939 autem,
470 1883 646 1946 quanquam
660 1865 726 1950 ejus
738 1863 910 1928 orationum
922 1863 1014 1928 libros
1028 1865 1208 1934 inmanibus

155 1973 271 2048 habuit,
299 1958 401 2036 tamen
421 1972 522 2054 ipsum
542 1973 693 2036 dicentem
716 1978 748 2034 et
765 1993 851 2045 voce,
875 1980 972 2053 motu,
994 1974 1097 2049 oculis
1120 1978 1206 2059 quasi
1313 2030 1319 2052 ι

154 2080 250 2145 vitam
266 2089 359 2165 atque
375 2079 507 2141 animam
520 2079 623 2142 verbis
635 2078 798 2142 addentem
811 2079 915 2143 videre
926 2101 987 2143 non
999 2082 1109 2165 potuit.
1125 2084 1205 2161 Quid

155 2196 258 2251 autem
274 2186 298 2248 si
314 2206 381 2250 cum
397 2205 433 2248 eo
448 2185 609 2251 conveniat
622 2184 751 2266 Tullius,
767 2186 898 2269 quicum
912 2194 1067 2270 potentem
1079 2189 1161 2254 illum
1175 2198 1207 2255 et

155 2293 254 2358 civem
271 2299 302 2356 et
316 2298 466 2355 oratorem
480 2313 561 2377 saepe
577 2301 608 2358 et
621 2293 650 2356 in
668 2291 733 2356 loro
748 2293 822 2358 etin
838 2301 945 2357 senatu
957 2303 1063 2360 contra
1077 2319 1110 2360 se
1123 2307 1207 2362 stan-

156 2405 217 2464 tem
231 2398 350 2476 viderit,
365 2421 425 2463 non
438 2400 528 2463 modo
542 2421 612 2463 eum
625 2421 705 2482 saepe
719 2399 889 2462 necessario
901 2401 1030 2478 audivit,
1046 2405 1204 2469 sedetiam

154 2507 219 2592 ejus
240 2504 388 2571 facundiae
408 2507 542 2569 rationes
566 2512 597 2569 et
619 2505 749 2568 virtutes
767 2525 872 2568 omnes
893 2526 1026 2588 quaerere
1047 2529 1082 2573 ac
1103 2510 1207 2575 rimari

154 2613 276 2678 debuitl
294 2613 377 2691 Quid
390 2612 483 2697 igitur
497 2612 535 2675 de
551 2610 602 2674 illo
619 2611 659 2674 ad
676 2609 849 2677 Cornelium
863 2620 1020 2697 nepotem,
1035 2621 1114 2681 teste
1129 2618 1205 2697 Soe-
1223 2616 1231 2627 '

153 2721 249 2796 tonio,
271 2719 425 2803 scripserit
444 2718 541 2783 nostis
565 2742 572 2783 :
603 2747 617 2773 α
644 2718 744 2798 Quidl
769 2719 934 2785 Oratomm
956 2722 1025 2806 quis
1047 2727 1205 2792 sententiis

157 2858 170 2882 u
197 2835 252 2892 aut
270 2825 388 2890 acutior
402 2833 456 2890 aut
472 2825 622 2890 crebriorl
642 2825 719 2908 Quis
738 2825 840 2888 verbis
855 2834 910 2891 aut
924 2829 1057 2893 ornatior
1074 2840 1129 2896 aut
1142 2835 1205 2898 ele-

157 2965 171 2990 u
197 2934 319 3020 gantior
338 2933 421 3020 (sun
449 2933 541 2998 Hanc
557 2932 724 3016 praesertim
741 2932 820 2996 illius
839 2932 1023 3018 elegantiam
1042 2937 1116 3001 satis
1135 2939 1203 3005 lau·

153 3043 227 3107 dare
238 3041 355 3126 nequit,
370 3049 402 3104 et
413 3041 527 3104 nullum
538 3039 602 3103 lere
611 3040 695 3124 apud
707 3045 858 3103 oratorem
872 3048 989 3105 tantam
1002 3041 1094 3107 fuisse
1105 3066 1202 3129 quan·

153 3156 217 3215 tam
238 3149 320 3232 apud
341 3168 410 3211 eum
432 3147 588 3231 predicat.
614 3146 716 3225 Quam
737 3146 883 3230 adeptum
905 3147 990 3212 illum
1011 3171 1078 3215 esse
1096 3161 1199 3236 putat,

151 3277 245 3340 quum
261 3254 361 3320 studio
377 3264 409 3318 et
423 3254 535 3329 labore,
554 3261 618 3318 turn
633 3252 726 3316 etiam
742 3244 910 3320 domestica
925 3256 1056 3339 quadam
1072 3279 1202 3327 conisae-

151 3365 267 3442 tudine,
283 3369 317 3427 ut
331 3363 443 3426 dudum
458 3361 497 3425 de
508 3359 680 3426 Muciorum
693 3381 729 3425 ac
742 3362 781 3424 de
792 3352 954 3427 Laeliorum
968 3362 1090 3430 familiis
1102 3370 1202 3434 audie-

150 3469 243 3534 batur
255 3469 307 3556 (4).
330 3469 476 3548 Quaenam
497 3475 600 3531 autem
619 3467 679 3531 ista
692 3467 760 3531 laus
774 3466 877 3551 fuerit,
899 3466 1002 3534 Caesur
1016 3471 1082 3554 ipse
1098 3474 1199 3559 docet,

151 3576 204 3661 qui
221 3575 341 3659 scripsit
360 3575 391 3638 in
414 3575 473 3638 illis
492 3574 530 3637 de
552 3574 691 3658 analogia
716 3574 811 3650 libris,
841 3603 854 3628 u
869 3576 1030 3641 verborum
1050 3580 1203 3647 delectum

155 3711 167 3737 ι
197 3683 343 3768 originem
357 3703 424 3746 esse
440 3681 633 3765 eloquentiae,
651 3690 682 3747 et
693 3688 840 3765 tanquam
855 3684 1012 3768 scopulum
1025 3685 1201 3772 fugiendum

156 3820 169 3844 u
196 3810 262 3855 esse
284 3790 453 3855 inauditum
469 3798 564 3874 atque
584 3788 717 3852 insolens
729 3790 857 3854 verbum
870 3790 923 3877 (5)
947 3823 961 3847 n
984 3793 1030 3858 Ut
1043 3794 1117 3859 mihi
1132 3798 1202 3881 qui.

186 3997 403 4062 mmmm
661 4071 664 4076 Ι
740 3980 761 4021 t

188 4087 220 4148 (ἰ)
239 4083 303 4134 Plln.
317 4082 379 4134 nist.
388 4090 452 4143 nat,
464 4085 489 4144 l,
500 4085 536 4136 25.
548 4085 609 4146 Qum
622 4081 720 4150 quidem
729 4082 810 4132 Tullio
823 4082 973 4134 formidinem
991 4077 1110 4151 quandam
1120 4087 1203 4143 inens.

151 4181 223 4236 serat,
234 4187 288 4222 eum
297 4171 385 4223 adAtt.
396 4170 507 4239 scripsit:
519 4168 635 4223 «Caesaris
641 4172 757 4238 celeritas,
767 4172 897 4239 diligentia,
907 4173 1028 4239 vigilantia
1040 4173 1199 4232 horribilista

152 4262 192 4312 Ad
206 4267 258 4314 Au.
271 4265 292 4311 8.

188 4355 219 4432 p)
231 4355 297 4406 suet,
311 4355 369 4413 cas.
381 4355 418 4415 aa,
430 4380 463 4389 -
475 4353 507 4429 (r)
517 4351 639 4418 cunm.
648 4353 684 4412 ⁷2.
693 4379 726 4390 -
740 4351 887 4420 (sacen
897 4352 1022 4430 oroma
1032 4352 1122 4436 jumen
1131 4362 1167 4436 ro,
1180 4365 1200 4430 s,
