2730 4966
586 386 628 396 ..-
651 348 695 412 29
719 384 764 396 -.

142 481 256 555 'tamen
277 498 364 555 tanta
377 513 443 556 esse
463 497 496 555 ut
516 492 746 555 admirationem
763 499 916 556 moveant.
935 493 1097 557 Solertiam
1121 495 1200 558 enim

153 600 220 684 ejus
233 605 264 662 et
279 600 422 662 astutiam
441 598 543 661 omnia
557 596 639 662 facta
655 599 797 682 dictaque
816 600 972 663 declarant
993 621 1000 662 :
1020 600 1201 664 rimantem

153 706 267 790 ingenii
283 715 314 770 et
329 706 476 770 facundiae
496 706 607 769 iterum
623 715 716 790 atque
730 707 840 770 iterum
863 707 1000 771 laudavit
1023 707 1202 786 Quinctilio·

154 834 210 876 nus
220 811 312 898 (l)‚et
321 814 556 896 ipseadmodum
566 813 593 875 ei
604 835 637 876 se
646 814 798 877 studuisse
809 821 1004 888 testatusest‚
1014 814 1204 878 cumTeren·

154 921 198 984 tio
214 922 319 984 deesse
342 923 406 983 vim
421 921 566 984 comicam
585 919 623 1007 (2)
647 929 710 984 tam
734 921 931 984 vehementer
952 921 1090 985 doluerit.
1113 922 1204 1000 Quod

155 1035 256 1092 autem
269 1029 308 1091 de
322 1029 387 1113 ejus
399 1028 562 1103 brevitate,
580 1036 611 1090 et
627 1027 663 1090 de
678 1028 828 1092 incuriosa
842 1029 893 1090 illa
908 1029 1101 1112 negligentia.
1119 1036 1150 1093 et
1165 1032 1204 1093 de

155 1136 206 1198 illo
219 1135 349 1217 denique
364 1135 462 1198 omnis
483 1143 608 1198 ornatus
626 1143 822 1218 contemptu,
843 1135 962 1210 dixisti,
985 1137 1022 1199 de
1037 1136 1203 1201 Commen-

155 1243 300 1307 tariorum
311 1249 430 1307 tantum
442 1242 634 1306 concionibus
644 1242 757 1307 dictum
766 1242 815 1306 sit.
826 1240 894 1306 Hos
905 1242 984 1306 enim
994 1242 1086 1306 libros
1096 1265 1203 1326 parum

157 1350 316 1434 diligenter
331 1351 459 1434 scriptos
476 1349 568 1413 fuisse
582 1356 680 1433 patet,
705 1371 797 1433 quum
815 1356 934 1414 constet
951 1350 1066 1413 eumin
1087 1351 1204 1415 coeteris

157 1457 341 1521 orationibus
357 1479 455 1540 neque
471 1478 573 1520 curam
589 1477 687 1539 neque
705 1457 838 1519 laborem
855 1455 1017 1540 defugisse.
1041 1488 1054 1510 u
1069 1457 1158 1542 Bene
1173 1466 1205 1524 et

157 1565 340 1646 composite,
359 1563 459 1648 inquit
474 1564 553 1647 apud
565 1561 743 1626 Sallustium
756 1563 846 1636 Cato,
861 1563 897 1627 O.
912 1563 1015 1628 Caesar
1032 1564 1120 1646 paulo
1134 1573 1206 1629 ante

156 1671 234 1734 dixit
254 1670 303 1754 (3).
327 1701 339 1724 n
360 1671 461 1749 Quam
484 1671 622 1733 eamdem
644 1668 811 1732 orationem
827 1691 947 1732 summa
968 1670 1152 1755 cogitatione
1175 1678 1207 1736 et

156 1799 229 1841 cura
244 1776 431 1861 elaboratam
447 1777 551 1852 fuisse,
578 1786 671 1860 atque
692 1782 727 1840 ut
742 1777 836 1860 ipsius
860 1777 964 1840 verbis
986 1786 1066 1858 utar,
1092 1807 1205 1861 πεφρον-

156 1891 276 1968 τισμένην
292 1883 328 1970 (4)
343 1884 525 1949 Plutarchus
545 1883 647 1948 refert.
665 1884 750 1975 Num
769 1884 861 1969 igitur
881 1884 912 1947 id
930 1884 1038 1947 mirum
1054 1887 1117 1949 estl
1133 1885 1207 1948 illud
1272 1948 1277 1958 ,

156 1998 261 2055 contra
272 1993 381 2054 mirum
395 2012 518 2074 prorsus
528 1999 560 2053 et
570 1990 742 2053 iu'credibile
752 1991 932 2075 judicarem,
944 1991 968 2052 si
981 1991 1048 2072 quis
1059 1991 1130 2053 mihi
1139 2010 1207 2054 nar-

157 2104 239 2159 raret
250 2098 433 2178 imparatum
449 2117 516 2158 eum
528 2104 620 2178 atque
630 2096 775 2158 inermem
789 2096 829 2158 ad
839 2117 958 2181 pugnas
969 2095 1104 2160 forenses
1119 2118 1206 2162 acce-

148 2204 228 2275 ,dere
241 2204 364 2266 solitum
380 2201 485 2266 luisse.
501 2203 570 2281 Quo
588 2203 668 2265 enim
684 2203 776 2265 modo
788 2203 853 2267 fieri
865 2204 1025 2287 potuisset,
1043 2210 1077 2268 ut
1088 2204 1206 2279 vinnon

157 2311 248 2372 modo
263 2309 470 2374 consideratus
484 2318 516 2374 et
529 2316 628 2392 catus,
646 2309 804 2374 sedetiam
819 2333 880 2373 non
894 2310 1016 2373 omnino
1029 2315 1207 2378 temerarius

157 2439 193 2483 ac
207 2439 323 2495 vecors
338 2440 407 2484 cum
418 2427 449 2483 et
460 2420 523 2483 suis
538 2427 569 2481 et
581 2419 637 2482 sibi
650 2419 765 2482 instare
778 2418 887 2501 capitis
899 2418 1063 2501 periculum
1074 2419 1205 2504 videret,

157 2546 215 2587 non
230 2547 334 2589 omnes
347 2527 386 2588 ad
403 2524 477 2588 illud
492 2524 729 2608 propulsandum
745 2523 845 2602 virm,
862 2524 963 2588 omnia
977 2525 1104 2602 auxilia,
1123 2530 1209 2592 arma

158 2632 287 2714 denique
303 2632 404 2695 omnia
421 2632 595 2716 colligeretl
1194 2643 1196 2646 ’

205 2737 333 2821 Copiam
343 2749 445 2803 autem
454 2739 586 2822 dicendi,
599 2738 752 2821 quomodo
764 2738 919 2823 aspernari
929 2741 1092 2822 potuisset,
1107 2741 1159 2824 qui
1169 2743 1209 2807 ad

136 2861 140 2867 ’
159 2845 334 2910 Ciceronem
347 2848 410 2911 haec
424 2847 555 2911 scribere
570 2867 630 2909 non
645 2845 797 2909 dubitavit
816 2868 822 2908 :
842 2875 854 2898 ι·
873 2845 907 2910 Si
919 2846 1054 2930 cogitata
1066 2849 1209 2930 praeclare

163 2982 176 3006 u
196 2954 295 3037 eloqui
309 2962 451 3037 possent,
468 2953 604 3016 nonnulli
619 2951 721 3015 studio
736 2961 768 3014 et
785 2973 841 3014 usu
855 2951 1089 3017 elaboraverunt
1098 2977 1106 3028 ;
1124 2955 1210 3038 cujus

164 3091 176 3114 u
196 3068 227 3125 te
242 3083 317 3145 pene
329 3062 495 3144 principem
514 3059 608 3143 copiae
619 3067 714 3141 atque
726 3058 928 3141 inventorem,
945 3061 1022 3123 bene
1037 3061 1075 3123 de
1086 3061 1208 3124 nomine

163 3199 176 3222 u
197 3189 233 3232 ac
245 3167 396 3250 dignitate
413 3167 516 3250 populi
531 3165 662 3229 Romani
679 3165 821 3227 meritum
839 3185 905 3228 esse
924 3165 1100 3230 existimare
1114 3169 1207 3232 debe·

164 3307 176 3330 ι·
198 3297 265 3339 mus
281 3274 334 3362 (5)
354 3307 367 3330 n
388 3274 592 3359 Aspernantis
604 3281 670 3350 est,
686 3293 764 3345 reor,
785 3282 816 3336 et
830 3257 1010 3357 negligentis
1025 3275 1143 3339 dicendi
1158 3299 1208 3341 eo·

160 3381 1208 3467 piam,copiaeinventoremducibussummisetgentiumdomitoribus

160 3493 357 3576 aequiparare3
371 3490 497 3554 dicendo
507 3497 628 3553 auctum
642 3508 709 3550 esse
722 3488 760 3549 ab
773 3508 809 3549 eo
822 3496 853 3550 et
869 3487 1085 3570 amplificatum
1097 3510 1207 3554 nomen
1292 3506 1298 3520 ‘

160 3583 262 3684 populi
272 3597 419 3662 Romanii
433 3597 510 3677 Imo‚
526 3597 606 3680 apud
619 3596 658 3659 A.
672 3594 808 3659 Gellium
820 3593 921 3679 legere
934 3602 981 3657 est
993 3595 1052 3658 duo
1063 3596 1128 3681 ejus
1138 3618 1208 3661 ora·

161 3707 276 3771 tionum
296 3704 485 3790 fragmenta,
509 3724 576 3785 quae
593 3701 715 3785 quidem
732 3709 804 3763 sunt
825 3700 1021 3778 brevissima,
1049 3703 1208 3786 quaesitam

161 3824 261 3879 tamen
275 3813 357 3875 illam
369 3811 552 3874 brevitatem
561 3812 619 3871 non
633 3807 807 3892 praeferunt.
823 3808 988 3871 Sumamus
998 3809 1091 3895 igitur
1100 3810 1209 3874 oratio·

161 3923 325 4003 nusquam
340 3939 395 4001 pro
410 3918 554 4004 Bithynis
569 3916 658 3992 dixit,
681 3914 860 3998 principium
876 3935 882 3977 ;
903 3946 914 3966 ιι
932 3916 992 3978 Vel
1004 3938 1059 3999 pro
1076 3917 1208 4009 hospitio

198 4181 230 4246 (r)
252 4180 350 4244 Quinc.
364 4181 388 4240 1,
398 4182 422 4240 r,
434 4179 479 4239 ³43
494 4179 531 4237 ro,
541 4178 564 4237 r,
575 4177 615 4225 nr
627 4191 635 4237 ;
648 4178 684 4243 ro,
696 4178 718 4240 s,
729 4178 772 4236 253
786 4177 822 4236 ra,
837 4177 872 4242 ro,
886 4178 923 4229 n.

199 4273 231 4337 (Ξ)
250 4267 493 4325 Donat.iu'1'er.‘vit.
506 4293 541 4307 -
552 4263 583 4335 (3)
597 4265 654 4317 Sall.
671 4264 786 4319 carit-
796 4261 826 4335 (l)
840 4267 910 4320 und·
919 4269 979 4319 Caes.
992 4270 1014 4318 7.

198 4357 229 4430 (5)
248 4361 297 4411 Cic.
310 4363 376 4408 Brut.
387 4360 430 4409 72>
