2730 4966
503 362 677 428 ..21-

59 503 197 566 cionatus
211 512 272 586 est,
287 504 362 566 nihil
375 525 448 568 sane
463 525 525 588 prae
543 512 626 567 metu
643 503 824 566 audiverint.
843 506 926 602 Ergo
940 525 992 567 eos
1006 506 1114 570 docere

58 610 235 694 aggreditur
256 632 315 673 non
337 611 482 675 invictum
505 631 571 674 esse
593 611 797 674 Ariovistum.
822 611 968 688 Quodne
990 613 1113 694 probet,

57 716 202 780 nonnulla
217 719 340 802 lingere,
365 718 504 800 quaedam
528 717 634 799 etiam,
659 717 713 780 vix
734 717 831 781 audeo
852 718 963 794 dicere,
989 718 1114 782 mentiri

56 843 118 886 non
133 825 265 887 dubitat.
279 824 361 888 Nihil
375 825 488 888 scilicet
500 825 538 887 de
552 825 631 887 bello
647 824 780 909 cogitare
794 823 998 907 Ariovistum,
1013 845 1113 908 aeque

59 932 225 1014 quidquam
242 941 382 1015 paratum
398 931 529 1005 habere;
556 931 697 1015 quamvis
713 937 804 994 antea
819 930 927 994 iisdem
943 932 1009 1015 ipse
1025 931 1114 995 dixe·

58 1038 100 1100 rit
116 1059 185 1100 enan
204 1039 305 1102 omnia
321 1047 428 1122 parata
443 1039 569 1122 habere,
590 1060 650 1101 non
666 1038 756 1100 modo
773 1044 808 1102 ut
824 1037 936 1101 Caesari
952 1039 1035 1101 haud
1053 1037 1113 1102 im-

58 1165 114 1228 par
138 1145 188 1221 sit,
208 1147 258 1208 sad
277 1146 369 1210 etiam
384 1157 418 1209 ut
434 1146 584 1209 Romanis
605 1144 702 1229 possit
717 1145 868 1229 imperare
892 1168 899 1208 ε
923 1166 1022 1229 neque
1042 1144 1113 1209 affi-

57 1252 141 1314 nium
158 1253 249 1316 ullam
265 1253 401 1336 gentium
422 1275 510 1336 opem
530 1253 555 1316 ei
573 1253 704 1316 laturam
721 1274 798 1329 esse,
820 1274 911 1336 quum
927 1252 1031 1318 Caesar
1044 1253 1110 1336 ipse

56 1379 116 1421 non
133 1359 290 1423 minimam
307 1359 399 1424 luisse
414 1360 491 1424 hanc
506 1359 575 1422 belli
590 1380 714 1423 causam
731 1359 877 1433 retulerit,
894 1341 1115 1442 quodnovaein

58 1465 124 1528 dies
142 1465 365 1529 Germanorum
385 1476 515 1531 catervae
536 1467 676 1530 Rhenum
696 1465 871 1529 transirent.
891 1466 1000 1529 Nonne
1016 1467 1111 1530 mani·
1139 1456 1143 1465 ¹
1195 1507 1197 1513 ·

57 1570 172 1636 festum
193 1581 239 1636 est
260 1573 307 1637 his
329 1595 398 1636 eum
423 1573 602 1637 commentis
621 1570 733 1635 nemini
752 1571 854 1636 fucum
878 1571 1037 1650 facturum,
1057 1575 1112 1638 sed

58 1691 164 1744 contra
184 1680 251 1764 plus
269 1679 438 1744 formidinis
455 1681 593 1743 omnibus
613 1680 767 1743 illaturum
786 1678 894 1757 fuisse,
917 1680 1031 1766 injecta
1048 1682 1113 1744 ani·
1137 1672 1144 1685 '

57 1788 116 1852 mis
140 1810 177 1854 ea
198 1790 378 1874 suspicione,
404 1778 481 1854 adeo
502 1789 653 1853 horrenda
668 1788 720 1852 illa
734 1810 812 1864 esse,
836 1794 870 1852 ut
886 1808 923 1852 ea
938 1787 1027 1853 lateri
1046 1789 1140 1886 ipsa⁹

57 1916 119 1958 non
134 1897 279 1960 auderetl

102 2003 179 2082 Quae
194 2012 361 2088 sequuntur
377 2029 383 2068 :
403 2037 414 2058 u
435 2027 508 2068 voce
522 2004 675 2068 hominem
688 2005 801 2067 nullum
816 2024 953 2086 unquam
968 2012 1110 2067 necatum

62 2139 81 2174 a.
93 2108 197 2187 fuisse,
215 2134 314 2196 neque
330 2112 464 2196 pluribus
476 2112 701 2175 Germanorum
714 2132 841 2194 corpora
851 2132 943 2194 quam
952 2111 1109 2173 Romano-

62 2246 75 2268 α
95 2239 164 2281 rum
179 2220 310 2283 brachiis
326 2220 472 2284 instructa
487 2241 565 2295 esse,
588 2249 601 2274 n
621 2217 782 2282 verissima
796 2217 918 2300 quidem
935 2224 1016 2293 sunt,
1035 2238 1112 2301 gra-1

57 2324 183 2390 vissima
198 2347 270 2389 vero
288 2349 347 2390 non
364 2329 448 2390 item.
467 2326 547 2390 Sunt
561 2334 593 2390 et
607 2326 666 2389 alia
678 2325 818 2408 quaedam
834 2325 873 2387 ad
887 2345 948 2387 rem
965 2324 1105 2407 aptiora:

61 2459 74 2484 u
95 2444 242 2514 praestare
252 2433 410 2498 Romanos
420 2433 491 2496 belli
506 2432 647 2511 scientia,
662 2438 693 2494 et
708 2431 826 2493 ratione
839 2450 990 2493 armorum
1001 2430 1120 2512 quibus.

61 2567 74 2592 u
94 2559 205 2622 corpus
220 2547 333 2604 tectum
349 2541 506 2604 haberent.
526 2571 538 2593 ἰ
559 2538 636 2602 Haeo
652 2545 755 2600 autem
771 2537 884 2611 Caesar,
902 2544 937 2600 ut
947 2536 999 2619 qui
1013 2537 1110 2600 auda-

58 2646 111 2710 ciae
133 2667 195 2709 suae
217 2647 344 2709 militem
360 2655 391 2710 et
407 2646 586 2710 constantiae
602 2645 812 2728 potiusquam
833 2664 985 2706 armorum
1006 2642 1109 2706 tutelae

57 2753 150 2814 fidere
167 2752 268 2828 vellat,
285 2752 465 2836 negligenda
477 2752 532 2816 sibi
549 2773 617 2816 esse
634 2752 778 2814 duxerat.
795 2749 878 2828 Quid
893 2748 1021 2812 deindet
1037 2748 1107 2826 Quo

57 2860 181 2923 tandem
197 2859 321 2923 consilio
334 2859 441 2923 Gallos
453 2860 676 2923 Germanorum
694 2857 809 2921 similes
823 2877 937 2921 esseae
953 2855 1009 2918 sibi
1024 2855 1111 2918 auxi·

57 2966 184 3029 liaturos
202 2976 319 3040 narrat,
338 2965 395 3029 nisi
412 2974 447 3030 nt
461 2966 523 3029 snis
539 2965 617 3028 harro
635 2985 720 3048 spem
742 2962 893 3049 subjiciat,
917 2963 981 3025 fore
1003 2969 1037 3025 ut
1052 2962 1114 3024 sub.

56 3073 216 3139 Gallorum
231 3072 327 3136 tutela
341 3082 372 3136 et
383 3075 491 3136 umbra
502 3073 628 3135 lateant.
646 3071 784 3135 Ovirum
802 3070 982 3152 prudentem
995 3077 1026 3132 et
1041 3069 1105 3132 cal-

56 3181 164 3264 lidum,
181 3180 245 3264 qui,
261 3181 333 3243 dum
349 3180 432 3263 cupit
452 3179 602 3243 exercitus
619 3177 766 3240 virtutem
789 3177 828 3239 ad
844 3176 1007 3240 vincendos
1028 3177 1109 3241 Ger·

57 3309 164 3351 manos
193 3288 373 3366 accendere,
400 3286 430 3349 ia
453 3285 612 3349 Gallorum
636 3284 768 3347 subsidio
796 3283 887 3347 toties
907 3304 926 3347 a
945 3281 1110 3347 Germanis

56 3393 228 3479 fugatorum
245 3416 350 3465 omnes
364 3394 420 3457 sibi
434 3414 507 3478 opes
521 3414 587 3468 esse
600 3392 675 3455 sitas
695 3389 851 3455 fateaturl

101 3500 229 3585 lllajoris
241 3503 363 3586 quidem
371 3501 476 3586 judicii
486 3522 553 3564 sese
566 3500 673 3563 deinde
684 3498 839 3582 praestitit,
854 3519 945 3581 quum
958 3519 975 3561 a
988 3495 1108 3560 Caesare

57 3607 86 3671 id
110 3611 267 3670 mutuatus
290 3617 336 3671 est
358 3608 439 3691 quod
461 3609 500 3670 de
524 3606 641 3690 legione
657 3605 779 3673 decima
798 3604 918 3667 dixerat
937 3623 943 3663 :
959 3603 989 3665 id
1005 3609 1107 3665 autem

57 3715 167 3798 ipsum,
179 3716 343 3778 exornandi
358 3715 469 3789 studio,
483 3714 572 3798 plane
587 3713 779 3776 deformavit.
795 3713 865 3775 Non
879 3711 958 3773 enim
972 3711 1062 3774 modo
1075 3731 1108 3774 se

58 3821 95 3884 de
107 3842 144 3884 ea
154 3820 270 3904 legione
286 3843 344 3884 non
362 3821 498 3884 dubitare
514 3820 683 3903 profitetur,
699 3818 754 3881 aad
769 3818 859 3881 etiam
873 3838 906 3879 se
918 3824 1108 3901 compertum

58 3927 169 3992 habere
186 3928 296 3991 ituram
315 3928 409 4002 illam,
430 3929 548 3992 etiamsi
566 3948 619 4010 per
639 3925 755 3989 medios
776 3925 860 4009 ignes
877 3924 1056 4008 oportuerit,
1078 3932 1109 3987 et

59 4035 181 4122 quidem
198 4038 323 4112 nudam,
342 4048 373 4100 et
388 4059 507 4100 summa
522 4035 691 4100 alacritate.
708 4036 843 4099 Ducisne
856 4034 930 4097 illud
944 4044 992 4096 est
1003 4052 1038 4095 ao
1050 4031 1107 4094 viri
1153 4029 1165 4083 f

58 4145 96 4209 de
112 4146 201 4208 rebus
214 4145 301 4208 seriis
318 4144 447 4229 agentis,
466 4165 504 4205 an
522 4142 734 4206 declamatoris
754 4143 791 4204 ad
803 4163 900 4226 nugas
916 4138 1109 4221 amplissimis
1125 4189 1130 4197 .

60 4251 159 4315 verbis
176 4253 324 4314 ornandas
337 4251 516 4314 aestuantisl
533 4251 644 4332 Neque
660 4261 762 4312 tamen
780 4249 853 4311 illud
868 4247 943 4308 satis
962 4265 1107 4326 magnum

59 4359 179 4422 videtur
193 4379 202 4417 :-
215 4357 301 4440 quasi
314 4379 382 4420 rere
393 4357 551 4420 eonsilium
565 4357 665 4419 inierit
680 4355 824 4419 Ariovisti
837 4376 904 4417 cum
918 4373 978 4414 una
991 4351 1108 4436 legione
