2730 4966
711 320 883 391 42-16-
961 354 965 363 ¹

277 467 578 561 «subducerentur,
591 469 648 532 sibi
660 470 853 552 quaerendum
865 475 919 532 aut
929 470 1122 554 cogitandum
1132 477 1289 555 putarent.
1308 454 1320 528 i

276 576 418 661 Suscepit
434 576 524 661 igitur
537 575 679 659 primum,
695 583 732 641 ut
746 575 962 659 imperatorem
981 577 1011 638 in
1032 577 1255 642 tumultuantes
1271 580 1325 643 mi·

275 685 345 748 lites
360 685 470 758 decuit,
487 682 660 746 vehementi
675 682 871 747 incusatione.
888 683 1012 761 Quanta
1026 693 1128 748 autem
1141 685 1279 765 solertia,
1294 687 1324 750 id

275 814 335 856 non
351 792 450 876 tangit
462 792 543 876 quod
556 812 664 855 sanare
678 793 754 863 vult,
769 791 849 874 quod
861 793 1049 875 aegerrimum
1066 800 1124 868 est,
1143 805 1174 856 et
1188 795 1324 859 remedia

274 899 339 987 pati
364 920 453 983 posse
479 921 539 962 non
559 898 690 963 videtur.
716 899 844 964 Provisa
866 920 902 963 ac
929 909 1037 982 parata
1063 900 1204 962 omnibus
1228 899 1324 965 fuisse

275 1029 420 1092 responsa
435 1028 490 1091 par
504 1014 552 1070 est
565 1007 711 1071 adversus
726 1007 843 1070 timoris
859 1007 1089 1071 insectationem
1104 1031 1110 1070 :
1126 1006 1203 1070 ludit
1218 1015 1324 1072 autem

274 1137 339 1198 005,
354 1124 446 1198 utque
457 1115 486 1177 id
499 1114 603 1200 objicit
614 1115 695 1197 quod
704 1136 742 1176 ne
753 1114 810 1197 ipsi
823 1114 944 1198 quidem
956 1114 1186 1197 reprehensione
1196 1115 1322 1198 dignum

274 1234 404 1308 negent,
422 1222 567 1308 cujusque
588 1221 738 1284 confessio
754 1222 825 1284 nihil
843 1222 1068 1304 habeaturque
1085 1221 1208 1305 pudoris
1222 1243 1324 1322 neque

275 1328 428 1393 insamiae:
444 1329 609 1412 disciplinae
625 1325 739 1392 scilicet
754 1308 884 1392 violatas
899 1329 993 1413 leges.

318 1437 402 1500 Num
415 1444 518 1499 autem
533 1435 642 1500 callida
655 1434 707 1498 illa
726 1434 943 1519 objurgationis
954 1435 1144 1500 simulatione
1154 1435 1227 1499 nihil
1240 1402 1326 1502 aliud
1345 1465 1347 1470 ¹

275 1544 457 1628 assequitur,
479 1542 535 1606 nisi
559 1550 594 1606 ut
617 1542 748 1627 dignitat
735 1549 797 1605 tem
819 1542 937 1626 imperii
957 1546 1135 1627 retineat‚u
1138 1543 1251 1620 tillos,
1272 1545 1322 1629 qui

275 1652 466 1717 clamoreset
478 1648 606 1713 fortasse
618 1650 717 1712 minas
728 1649 964 1731 meditabantur,
976 1650 1114 1715 silentes
1102 1672 1168 1735 Jam
1184 1659 1274 1716 et
1225 1659 1274 1716 at
1275 1674 1323 1728 en-

274 1767 323 1824 105
337 1767 369 1823 01
384 1759 471 1843 quasi
486 1759 664 1823 confitentes
678 1779 746 1822 reos
759 1759 890 1822 habeatl
904 1759 1052 1844 Magnum
1067 1759 1098 1822 id
1111 1758 1254 1842 quiderm
1270 1742 1323 1824 sed

274 1867 367 1930 etiarn
382 1866 464 1951 quod
480 1865 576 1929 multo
592 1866 691 1951 majus
704 1873 762 1941 est,
783 1866 1002 1929 dubitationem
1021 1866 1088 1950 jam
1104 1866 1141 1930 iis
1157 1867 1268 1953 injicit,
1285 1888 1322 1930 au

273 1974 320 2038 vel
336 1973 491 2037 minimam
507 1972 633 2035 timendi
649 1993 772 2036 causam
793 1972 961 2036 habuerint.
975 1973 1076 2050 Quam
1099 1973 1180 2036 0111111
1201 1972 1233 2036 in
1255 1995 1322 2058 par·

274 2089 349 2155 tem,
368 2102 428 2164 quo
443 2079 568 2144 concilio
590 2080 750 2155 ducantur,
766 2079 834 2162 quis
848 2078 945 2156 novit,
957 2079 1017 2142 nisi
1032 2077 1146 2153 Caesar,
1162 2081 1226 2144 dux
1240 2079 1320 2145 idem

273 2185 342 2248 belli
358 2195 389 2249 et
410 2185 540 2250 arbiterl
560 2186 660 2269 Urget
681 2186 773 2269 igitur
789 2185 863 2248 ille:
887 2215 900 2238 n
918 2185 1119 2262 Ariovistum,
1138 2207 1172 2249 se
1185 2189 1317 2265 consule,

277 2322 289 2346 «
311 2292 504 2375 cupidissime
524 2291 687 2354 amicitiam
707 2291 810 2375 populi
833 2293 963 2355 Romani
986 2272 1157 2376 appetisse;
1176 2294 1319 2358 curhunc

278 2430 290 2452 u
310 2407 373 2463 tam
389 2406 503 2463 temere
515 2398 675 2482 quisquam
689 2400 727 2462 ab
740 2397 837 2463 officio
853 2399 1059 2463 discessurum
1072 2399 1242 2486 judicaret?
1256 2401 1319 2465 Sibi

277 2538 290 2562 u
309 2507 431 2591 quidem
446 2506 631 2591 persuaderi,
648 2505 778 2591 coguitis
792 2505 855 2569 suis
868 2507 1042 2590 postulatis,
1063 2514 1157 2591 atque
1176 2508 1319 2590 aequitate

278 2614 489 2678 “conditionis
511 2622 691 2696 perspecta,
710 2635 779 2676 eurn
798 2635 896 2697 neque
919 2633 1005 2677 suam
1021 2634 1119 2696 neque
1137 2614 1240 2697 populi
1258 2616 1319 2679 Ro·

277 2751 290 2773 u
310 2720 390 2783 mani
407 2719 538 2806 gratiam
554 2719 693 2802 repudiat
694 2739 829 2782 drumm

318 2827 414 2891 Vide
410 2849 453 2889 ne
478 2828 528 2910 qui
554 2836 680 2910 repente
706 2827 814 2910 pudor,
833 2847 900 2909 quae
920 2827 1067 2908 poenitent
1068 2828 1109 2902 ia,
1131 2849 1236 2894 omnes
1255 2793 1320 2894 illos

273 2936 473 3007 centuriones,
492 2932 661 3015 praefectos,
681 2934 817 2996 tribunos
844 2933 1327 3025 11111110111,5110100510101105Ι

272 3045 354 3109 viros
367 3043 504 3115 invadat,
520 3062 612 3124 quum
630 3040 916 3104 500111111111000115
932 3047 963 3103 et
980 3041 1110 3106 militum
1126 3049 1158 3105 et
1175 3043 1260 3108 ducis
1275 3042 1342 3109 snt*

273 3149 481 3234 turpissimum
503 3170 521 3211 a
538 3169 572 3212 se
593 3148 747 3232 proditum
763 3169 829 3212 esse
843 3157 976 3224 metum,
996 3149 1082 3234 cujus
1099 3149 1180 3212 nulla
1192 3149 1322 3215 fortasse

273 3264 326 3320 aut
349 3255 424 3318 ratio
447 3265 500 3316 aut
526 3255 682 3316 excusatio
705 3255 802 3337 possit
824 3254 938 3328 afferri;
956 3277 975 3318 a
997 3277 1030 3318 se
1048 3265 1110 3318 tam
1126 3256 1323 3321 vehementer

272 3362 468 3426 formidatum
484 3359 576 3423 fuisse
592 3360 722 3436 hostem,
749 3362 786 3423 de
807 3382 867 3443 quo
888 3383 926 3424 ne
940 3362 969 3424 id
987 3363 1120 3444 quidem¹
1132 3372 1322 3450 compertum

272 3472 404 3535 habeant
421 3490 459 3531 an
481 3467 520 3530 sit
536 3467 641 3541 hostis¹
657 3489 697 3531 an
714 3476 818 3530 contra
833 3467 984 3531 Caesarem
999 3490 1085 3531 arma
1101 3468 1179 3532 ferre
1195 3471 1319 3535 audeat.

271 3579 368 3643 Vides
382 3586 416 3639 ut
430 3576 467 3638 iis
484 3575 594 3636 sensim
611 3576 832 3660 redintegretur
847 3565 982 3654 animus,¹
994 3583 1024 3638 et
1040 3577 1122 3660 quod
1137 3597 1189 3640 eos
1200 3577 1324 3661 pavoris

270 3684 432 3750 inconsulti
457 3683 585 3766 pudeat;
616 3690 646 3745 et
671 3684 751 3766 quod
773 3683 1100 3766 cogitent-Germanos
1125 3682 1203 3758 illos,
1223 3706 1324 3768 neque

272 3794 348 3855 adeo
363 3789 570 3853 formidandos
584 3812 651 3853 esse
664 3791 715 3873 qui
733 3791 811 3854 ultro
826 3790 988 3872 petiverint
1000 3790 1163 3875 amicitiam
1179 3792 1321 3869 Caesaris,

272 3909 303 3962 et
317 3919 396 3962 nunc
411 3896 542 3960 fortasse
559 3906 673 3978 quanto
689 3897 744 3959 sibi
767 3896 872 3959 terrori
888 3899 961 3981 sint,
979 3906 1098 3962 tanturn
1114 3919 1132 3960 a
1149 3920 1181 3960 se
1196 3884 1322 3962 terreril

315 4003 507 4086 Nuncigitur
516 4004 650 4080 demum,
664 4011 824 4086 postquam
837 4024 888 4066 eos
897 4004 980 4068 videt
990 4007 1084 4090 culpae
1095 4028 1157 4070 suae
1170 4006 1326 4077 conscien-

272 4115 315 4178 tia
335 4112 433 4176 victos
455 4131 491 4174 ac
506 4109 562 4172 sibi
580 4109 739 4187 obnoxios,
755 4110 890 4195 apertius
907 4111 938 4173 in
954 4132 1015 4174 rem
1030 4121 1132 4176 orator
1146 4112 1322 4190 invehitur;

273 4242 352 4284 nunc
375 4221 496 4282 demum
514 4217 627 4280 vulneri
646 4239 766 4281 manum
784 4220 943 4300 admovet,
966 4219 1086 4282 mollem
1109 4227 1212 4283 tamen
1228 4222 1325 4286 etiam

272 4336 395 4389 nuncet
417 4325 559 4388 blandam
577 4345 710 4400 omnum,
728 4333 758 4389 et
779 4347 846 4408 quae
861 4324 1002 4388 lomentis
1022 4326 1174 4390 severiora
1189 4328 1327 4403 medica-
