2730 4966
601 386 644 398 ...
668 350 776 425 25„-

165 513 288 556 scamus
304 515 311 555 :
328 492 466 555 eamdem
482 490 795 575 ubiquebapientiam,
810 491 890 557 idem
899 486 1059 578 judicium,
1076 490 1213 553 eamdem

163 600 240 674 vim,
256 601 395 663 eamdem
405 599 535 683 denique
547 606 578 663 et
593 590 747 662 hominum
763 608 795 662 et
810 618 911 663 rerum
926 597 1083 662 seientiam
1096 596 1218 660 mirabi.

164 695 274 770 bimur.
291 707 473 801 Quanquapr
490 712 592 770 autem
608 704 785 789 sempenad
806 705 996 791 propositum
1009 703 1147 788 festinat,
1159 724 1216 767 nec

165 832 301 898 unquam
314 814 344 896 in
356 815 443 898 nugis
452 823 484 878 et
492 815 568 900 jocis
581 821 726 888 moratur,
742 813 851 898 saepius
860 823 963 878 tamen
975 817 1066 897 quem
1077 812 1134 876 sibi
1146 832 1217 897 pro-

164 921 305 1002 posuerit
311 921 470 996 finemnon
485 930 567 984 reete
579 921 755 1004 aestimanti,
767 921 866 989 aliena
874 921 1013 1003 quaedam
1026 919 1108 1002 loqui
1120 916 1217 987 videri

153 1027 271 1110 possit.
285 1027 418 1105 Astutus
428 1027 467 1112 ll]
483 1028 563 1100 enim
580 1019 630 1090 ille
646 1037 693 1092 est
708 1035 740 1097 et
755 1034 858 1092 orator
872 1034 904 1091 et
919 1027 1098 1110 imperator,
1114 1047 1150 1088 ac
1162 1046 1217 1108 per
1255 1021 1257 1029 ’

140 1161 144 1166 ·
163 1132 285 1217 ignotos
297 1155 377 1218 saepe
387 1142 418 1198 et
429 1118 568 1217 obliquos
576 1134 669 1198 calles
680 1135 798 1199 itineris
810 1134 981 1199 occultandi
990 1152 1085 1197 causa
1097 1153 1217 1216 progre-

165 1241 247 1304 ditur
263 1265 269 1304 :
287 1241 346 1304 alio
361 1228 473 1304 iturum
490 1261 524 1304 se
537 1242 683 1326 ostendit,
699 1242 759 1305 alio
769 1242 882 1328 pergit.
899 1241 1116 1320 Quamobrem,
1131 1260 1169 1302 ne
1183 1239 1215 1303 in

165 1346 303 1411 fraudem
322 1348 500 1426 incidamus,
519 1370 579 1432 quo
600 1349 701 1432 reipsa
722 1350 827 1414 tendat
841 1350 1003 1435 diligenter
1018 1348 1214 1414 consideran-

163 1454 236 1519 dum
250 1463 308 1522 est..
1276 1543 1278 1546 Ι

209 1563 272 1625 Hic
282 1561 354 1626 mihi
364 1562 488 1649 venitin
501 1566 634 1650 mentem
648 1562 779 1646 suspicio
789 1584 885 1646 quam
897 1562 985 1626 vobis
1000 1562 1119 1646 aperire
1127 1561 1213 1627 libet.

137 1693 139 1695 ’
166 1652 266 1746 Quam
281 1669 360 1732 enim
376 1669 403 1732 ei
419 1691 543 1733 causam
559 1669 651 1733 foisse
667 1672 782 1754 putatis
796 1693 848 1734 cur
870 1669 1115 1734 Commentarios
1139 1668 1215 1734 scri·
1280 1672 1290 1744 ᾗ

165 1776 270 1839 berett
284 1777 329 1839 Ut
343 1797 442 1840 rerum
457 1785 611 1860 gestarum
628 1777 802 1842 memoriam
820 1777 1045 1840 immortalitati
1059 1798 1215 1841 commen-

166 1883 268 1957 daret;
287 1893 322 1947 ut
333 1884 427 1947 etiam
438 1882 564 1948 fortasse
579 1885 764 1968 eloquentiae
775 1885 899 1948 laudem
913 1885 970 1948 sibi
985 1893 1107 1968 pararet
1118 1885 1216 1948 tHaec

166 1991 193 2052 ei
209 1991 311 2054 omnia
325 1993 407 2054 cordi
421 1989 514 2055 fuisse
536 1991 731 2055 manifestum
746 2000 805 2055 est.
832 1993 906 2055 Fuit
921 2001 1035 2064 autem,
1055 1992 1080 2055 si
1096 2014 1145 2055 me
1159 2012 1215 2054 au·

166 2097 269 2178 dietis,
298 2098 413 2180 aliquid
437 2098 530 2161 etiam
554 2100 677 2184 majus:
707 2098 838 2181 posteris
862 2097 977 2161 scilicet
1001 2104 1097 2180 atque
1122 2098 1215 2161 etiam

165 2205 332 2287 aequalibus
357 2205 420 2268 suis
444 2207 612 2288 approbare
634 2205 730 2269 voluit
749 2205 874 2268 consilia
889 2226 945 2268 sua
968 2213 1064 2288 atque
1078 2204 1211 2288 incepta,

165 2332 382 2394 versorumque
407 2312 437 2374 in
461 2311 592 2392 patriam
616 2331 769 2374 armorum
792 2310 939 2374 invidiam
965 2311 1110 2375 minuere.
1139 2312 1213 2375 Fuit

165 2417 229 2482 haec
244 2420 330 2501 quasi
351 2420 488 2502 quaedam
505 2419 655 2494 machina,
674 2439 734 2500 qua
749 2418 942 2500 Pompeium,
960 2417 1170 2501 Catonemque
1184 2426 1215 2482 et

165 2547 271 2590 omnes
282 2527 419 2591 inimicos
434 2549 505 2589 suos
521 2527 640 2588 omnino
653 2525 828 2600 debellaret,
848 2546 908 2607 qua
924 2546 984 2587 non
1000 2526 1091 2588 modo
1107 2527 1144 2590 de
1160 2547 1215 2609 po-

165 2634 269 2696 tentiae
283 2632 405 2716 fastigio
422 2632 578 2717 dejiceret,
604 2631 762 2695 sedetiam
789 2631 827 2693 de
842 2631 1050 2695 Romanorum
1066 2653 1169 2701 amore
1184 2641 1216 2697 et

164 2738 379 2821 admiratione,
412 2747 557 2822 tanquam
581 2739 619 2802 de
649 2760 768 2820 summa
794 2759 899 2802 eorum
924 2760 1004 2822 arce,
1029 2742 1213 2805 deturbaret.

165 2846 313 2912 Oratione
324 2847 446 2929 quidem
458 2847 572 2930 scripta
586 2856 733 2929 tanquam
745 2847 827 2928 apud
836 2847 953 2932 judices
963 2868 1089 2910 causam
1103 2848 1212 2922 dicere,

165 2972 264 3035 neque
279 2953 345 3038 ejus
368 2952 525 3038 dignitatis
550 2961 628 3034 erat,
653 2973 751 3035 neque
775 2953 864 3016 tidem
879 2953 1049 3016 habuisset.
1068 2951 1216 3016 Historiae

166 3067 268 3123 autem
290 3081 410 3122 summa
433 3059 583 3123 modestia
600 3061 776 3141 compositae
793 3067 824 3122 et
840 3057 1017 3142 plerumque
1032 3077 1070 3122 ex
1086 3059 1216 3124 veritate

167 3166 380 3250 quisdiffidatl
394 3166 478 3230 Huic
493 3174 596 3228 lamen
611 3165 729 3245 intexta
742 3166 817 3229 latet
828 3165 1022 3229 callidissima
1035 3167 1174 3250 quaedam
1185 3174 1216 3230 et

167 3275 316 3339 acerrima
326 3273 505 3338 innocentiae
515 3294 576 3336 suae
587 3271 732 3351 defensio,
744 3281 774 3335 et
784 3273 1025 3338 adversariorum
1035 3295 1157 3337 suorum
1170 3277 1218 3336 in·

167 3382 305 3457 sectatio,
322 3402 388 3464 quae
403 3402 460 3444 non
477 3381 552 3443 alias
565 3380 661 3463 magis
673 3380 833 3464 perspicua
845 3391 891 3444 est
903 3402 995 3464 quam
1009 3381 1038 3442 in
1049 3381 1108 3443 illis
1122 3402 1212 3464 quas,

167 3498 221 3552 aut
240 3491 306 3573 ipse
321 3488 419 3564 dixit,
438 3495 491 3550 aut
507 3489 545 3550 ab
563 3487 630 3550 aliis
644 3488 741 3551 dictas
761 3485 853 3549 fuisse
870 3493 995 3561 narrat,
1014 3486 1213 3550 orationibus.

167 3595 245 3659 Haec
259 3596 350 3679 igitur
365 3593 566 3658 consideranti
582 3594 678 3656 multa
692 3593 773 3657 clara
788 3614 822 3656 ac
835 3592 1031 3668 vividalient‚
1047 3613 1115 3676 quae
1125 3598 1234 3657 antea‘

167 3703 347 3768 videbantur
363 3701 480 3766 inutilia
496 3708 526 3763 et
539 3694 699 3784 languida,

212 3811 316 3889 Quum
331 3809 410 3873 enim
424 3808 615 3873 Ariovistum
629 3806 778 3878 audimus.
797 3807 827 3869 in
845 3807 993 3891 colloquio
1008 3808 1046 3872 de
1060 3808 1215 3873 conditio·-

166 3917 255 3982 nibus
288 3917 374 4000 pacis
395 3916 510 3993 habito,
537 3918 576 3980 ad
607 3915 762 4000 postulata
788 3914 918 3980 Caesaris
947 3917 1179 4000 respondentem
1205 3940 1211 3979 :

172 4054 184 4076 u
203 4024 294 4103 Quod
308 4024 334 4090 si
346 4046 415 4088 eum
434 4024 630 4107 interfecerit,
645 4024 748 4089 multis
762 4045 830 4088 sese
845 4024 995 4088 nobilibus
1011 4023 1214 4108 principibus·
1247 4056 1261 4087 a

204 4270 236 4340 lt)
255 4271 333 4322 Asiati
341 4269 446 4340 ejusdem
456 4279 515 4332 orat,
526 4279 548 4319 et
558 4270 681 4336 cujuslibet
691 4271 724 4320 rei
736 4270 879 4322 simulatoris
890 4287 918 4322 ac
929 4269 1118 4334 dissimulatoris,
1130 4247 1215 4320 tectam

168 4358 230 4410 hauc
241 4370 263 4410 et
276 4375 385 4409 arcanam
396 4361 518 4426 scripturae
531 4359 629 4409 sormam
640 4360 770 4426 excogitare
782 4361 812 4411 de
825 4376 872 4428 qna
885 4359 938 4410 vide
953 4363 983 4410 Α.
996 4363 1026 4410 G.
1039 4361 1062 4425 l,
1076 4362 1099 4410 9.
