2730 4966
404 327 469 415 ι’.
606 363 782 426 -41>-

180 524 278 587 nugas
299 501 451 585 effutiret‚
469 502 524 572 boc
538 500 780 579 admiratiobem,
799 503 854 566 boc
875 503 1013 587 plausus,
1033 504 1090 567 boc
1110 503 1223 568 famam

176 609 370 672 conciliabat.
386 638 399 662 u
416 608 564 688 Mellitos,
576 615 611 671 ut
621 609 664 671 ait
674 609 848 684 Petronius,
860 610 1054 693 requirebant
1063 612 1224 676 verborum

182 747 194 769 u
213 706 361 800 globulos,
375 724 407 779 et
418 716 520 779 omnia
531 716 623 790 dicta,
636 708 887 800 factaque,·quasi
899 738 1051 801 papavere
1063 724 1096 781 et
1104 738 1224 783 sesamo

182 852 194 876 u
211 843 317 906 sparsa
335 821 397 907 ll).
413 850 436 879 a
457 804 579 909 Novum
595 818 720 905 semper
728 822 843 906 aliquid
858 831 950 905 atque
966 823 1155 907 inopinatum
1171 828 1223 887 su-

146 944 149 949 ’
178 929 240 1001 bito
254 928 395 1013 effulgere
411 930 587 1012 poscebant,
602 938 634 992 et
648 930 808 1013 unicuique
824 932 916 994 verbo
932 933 1058 994 subesse
1077 931 1225 1015 quasdam

177 1036 313 1100 insidias.
331 1036 415 1100 Huic
430 1043 532 1113 autem
549 1036 608 1101 arti
624 1037 712 1120 quasi
724 1038 860 1101 cumulus
875 1039 1053 1112 accedebat,
1073 1038 1226 1120 quum.·ita
1263 1032 1269 1041 ⁵

143 1190 146 1195 -
177 1151 365 1208 struerentur
377 1143 449 1218 doli,
467 1152 502 1206 ut
514 1144 614 1208 inesse
626 1144 740 1228 aliquid
751 1145 914 1220 videretur,
928 1162 996 1208 cum
1010 1144 1123 1209 inesset
1137 1144 1223 1228 nihil,
1277 1206 1281 1213 ,
1311 1230 1315 1235 .

178 1261 209 1314 et
222 1252 460 1314 seseerederent
474 1252 629 1314 auditores
643 1232 809 1336 intelligere
824 1253 905 1335 quod
920 1252 1001 1315 nullo
1017 1242 1107 1314 modo
1122 1259 1226 1335 posset

177 1357 317 1443 intelligi.
345 1358 495 1422 Sublimia
517 1359 581 1423 haec
605 1360 857 1443 praedicabantur,
884 1367 916 1424 et
939 1359 1048 1423 altiora
1072 1359 1165 1443 quam
1191 1369 1226 1424 ut

178 1485 281 1527 eorum
293 1486 391 1548 capax
404 1475 485 1528 esset
497 1465 605 1548 vulgus
619 1491 625 1529 :
642 1465 754 1549 quique
767 1486 859 1548 supra
872 1465 981 1550 vulgus
993 1457 1059 1528 sese
1070 1465 1223 1542 locabant,
1269 1510 1273 1517 -
1331 1456 1334 1463 ¹

153 1617 155 1621 «
178 1591 263 1634 suam
279 1571 547 1634 sibisubtilitatem
562 1579 593 1634 et
605 1593 731 1635 acumen
746 1572 989 1654 gratulabantur.
1003 1571 1114 1654 Neque
1128 1572 1225 1634 solum
1322 1607 1337 1629 0

178 1677 294 1753 audire,
311 1679 366 1741 sed
379 1677 471 1741 etiam
494 1707 506 1730 ιι
526 1676 639 1742 referre
654 1682 777 1743 domum
793 1678 908 1761 aliquid
922 1678 1038 1742 illustre
1055 1687 1086 1742 et
1102 1678 1226 1762 dignum

143 1859 146 1865 .
183 1812 195 1836 u
214 1784 362 1848 memoria
378 1783 427 1870 (2)
444 1815 455 1837 n
476 1772 630 1861 uolebant,
653 1787 735 1869 quod
751 1807 855 1850 rursus
867 1807 921 1868 per
933 1785 1029 1848 otium
1045 1784 1223 1851 inviserent.

183 1920 195 1942 u
216 1891 265 1954 Sit
277 1891 307 1952 in
323 1897 471 1976 apparatu
488 1890 564 1977 ejuS,
586 1892 685 1976 inquit
698 1894 794 1984 ¹Aper,
810 1901 974 1968 etr-aurum,
990 1900 1022 1955 et
1035 1912 1175 1976 gemmae,
1187 1899 1228 1976 *ut

182 2028 195 2051 «ι
218 1996 380 2063 sumere‘in
399 2020 518 2072 manuS,
534 2007 565 2063 et
581 2001 717 2080 aspicere
733 1999 844 2082 saepius
857 2000 947 2062 liceat
964 1998 1025 2083 [3).
1046 2030 1058 2053 n
1077 1999 1154 2062 Haec
1168 1999 1227 2083 igi-

181 2113 231 2169 tur
254 2127 374 2168 summa
394 2106 551 2190 diligentia
570 2106 753 2190 colligebant
776 2115 807 2170 et
825 2107 959 2189 undique
981 2107 1224 2190 comparabant:

180 2211 244 2275 baec
252 2211 304 2274 alii
317 2212 384 2274 aliis
396 2213 555 2275 tradebant
567 2213 815 2297 accipiebaotque
826 2213 967 2286 invicem,
979 2218 1127 2303 uteorum
1140 2213 1228 2296 quasi
1325 2200 1329 2207 ¹

181 2319 363 2384 commercia
376 2328 489 2384 essent.
512 2320 622 2403 Itaque
641 2341 709 2384 oum
727 2322 765 2384 de
780 2321 900 2405 patroni
917 2321 1074 2407 eujusdam
1091 2320 1228 2385 oratione

182 2427 212 2489 in
228 2427 344 2490 circulis
361 2448 462 2490 sermo
483 2435 581 2509 esset,
600 2449 637 2490 an
657 2447 742 2490 reum
757 2428 940 2491 ostendisset
954 2447 1021 2490 esse
1035 2427 1225 2491 innocentem

181 2528 305 2597 minime
328 2535 518 2616 quaerebatur
534 2556 540 2606 ;
559 2534 614 2595 sed
630 2544 720 2617 quam
741 2535 837 2597 multa
860 2534 930 2596 inde
951 2531 1030 2596 stimi
1052 2553 1088 2596 ac
1106 2533 1227 2597 recitari

180 2641 264 2703 dicta
278 2648 403 2722 possent
422 2641 667 2723 computabatur.
686 2639 840 2718 Quum-id
860 2639 953 2724 igitur
972 2638 1130 2703 causidicis
1147 2645 1228 2711 esset

181 2746 362 2808 studendum
376 2797 382 2820 ,
401 2752 436 2808 ut
450 2745 522 2807 nibil
538 2767 641 2810 exora
657 2746 832 2810 emitterent
844 2747 925 2828 quod
938 2767 997 2808 non
1011 2745 1144 2808 omnium
1160 2745 1227 2809 ani-

182 2873 247 2915 mos
262 2852 427 2927 excitaret,
443 2858 552 2935 atique,
569 2862 605 2916 ut
618 2853 663 2917 ita
674 2853 790 2928 dicam,
810 2858 958 2936 pungeret
971 2874 978 2923 ;
999 2851 1031 2914 id
1047 2851 1103 2915 sibi
1116 2853 1224 2934 prori-

181 2961 313 3044 dendum
329 2960 467 3023 arbitrati
482 2969 553 3024 sunt
565 2967 599 3023 ut
616 2959 761 3023 orationis
773 2980 836 3022 suae
852 2959 985 3022 stamina
999 2980 1092 3042 quam
1109 2959 1228 3023 densis·

182 3067 267 3130 simis
279 3066 390 3130 aculeis
405 3088 441 3130 ac
460 3067 555 3150 spinis
569 3117 575 3141 ,
596 3068 622 3132 si
636 3066 737 3131 fassit
753 3067 871 3150 dicere,
890 3066 1008 3130 munita
1020 3074 1132 3129 essent.
1151 3066 1228 3130 Inde

181 3175 254 3237 illud
268 3195 364 3258 genus
373 3174 492 3238 dicendi
507 3196 644 3258 pressum
657 3196 692 3239 ac
708 3182 811 3249 tenue,
825 3174 953 3239 concisis
967 3173 1151 3258 minutisque
1163 3195 1228 3237 sen·

182 3281 314 3345 tentiolis
325 3282 409 3365 quasi
421 3281 601 3345 aculeatum.
612 3281 901 3368 Cujusamatoribus
911 3282 1064 3366 quomodo
1072 3303 1133 3345 nou
1142 3282 1228 3347 lenta

182 3408 217 3451 ac
231 3388 335 3471 tepida
353 3387 420 3450 visa
436 3396 537 3452 essent
555 3389 606 3452 illa
622 3389 801 3472 eloquentiae
817 3389 964 3452 sanctitas
980 3396 1011 3452 et
1022 3389 1225 3463 verecundia,

182 3494 232 3558 illa
247 3495 367 3578 integra
382 3502 583 3580 argumenta,
604 3495 702 3579 plenis
718 3496 781 3559 s'uis
792 3495 907 3559 viribus
925 3515 961 3559 ao
978 3493 1078 3558 stabili
1094 3496 1227 3577 quodam

182 3602 288 3664 robore
302 3601 332 3664 io
356 3601 474 3666 animos
496 3583 724 3691 incpmbential
749 3601 919 3666 Histrionis
937 3601 1013 3664 illud
1030 3601 1113 3684 prius
1131 3601 1229 3665 simile

182 3716 241 3790 est,
259 3709 390 3772 calcibus
407 3716 437 3773 et
452 3708 581 3793 pugnis,
602 3709 756 3782 manibus,
777 3729 869 3787 uoce,
889 3708 994 3784 uultu,
1014 3715 1078 3771 toto
1099 3707 1229 3791 denique

183 3837 307 3897 corpore
322 3817 479 3880 aestuantis
490 3817 529 3879 ad
545 3817 618 3880 nibil
633 3817 795 3902 agendum.
809 3811 887 3879 Hoc
899 3824 999 3879 autem
1014 3816 1164 3898 posterius
1179 3837 1230 3879 ro·

183 3922 264 3983 mani
286 3923 416 3986 consulis
431 3923 746 4008 exprimiteffigiern,
771 3931 853 3987 certo
873 3923 977 3986 ordine
995 3931 1026 3986 et
1048 3906 1152 3998 molo,
1174 3944 1229 3986 nec

185 4039 284 4093 tameo
302 4029 367 4092 sine
383 4031 514 4114 quodam
532 4031 835 4115 sonitu-aspectuque
854 4031 997 4106 terribili,
1017 4031 1166 4115 legionem
1187 4032 1227 4094 ud

184 4157 316 4222 pugnarn
334 4145 364 4200 et
380 4139 417 4200 ad
436 4137 593 4202 victoriam
608 4137 760 4202 ducentis.

221 4365 254 4437 (l)
273 4371 367 4417 Petron.
381 4321 427 4417 Sat.
441 4369 464 4416 1.
479 4395 514 4406 -
525 4368 557 4432 (2)
570 4370 629 4419 Tae.
647 4373 692 4422 Or.
705 4371 739 4418 20.
752 4398 787 4409 -
800 4369 832 4434 (3)
851 4370 942 4421 Ibidem
953 4375 984 4423 ΞΒ,
1039 4405 1041 4408 -
