2730 4966
637 376 678 389 ..
705 341 725 403 9
749 368 800 388 ..5.
869 358 889 373 --
966 403 973 416 .

191 459 322 542 Caesa'ris¹
335 478 508 563 eloquentia
517 480 710 566 judicandum
726 480 767 544 515
776 501 912 579 exponas
925 501 1050 554 censeo;
1067 488 1101 543 tu
1113 480 1232 562 deiude,

159 560 309 669 Valeri,
324 587 465 670 perlectis
479 595 616 651 veterum
636 559 944 670 55551555115,551(1
935 609 966 649 m
978 608 1014 650 ea
1031 580 1236 701 disputatione

191 695 369 756 mutandum
381 701 433 759 aut
445 695 682 757 confirmandum
694 693 879 775 sitdocelps
925 698 933 706 '
1282 772 1294 783 ‚

235 835 275 848 -
290 802 375 884 Opus
387 801 467 864 haud
476 801 662 885 expeditum
670 802 822 885 suscipere
837 821 884 863 me
896 790 997 884 jubes,
1015 799 1113 883 inquit
1125 800 1239 877 Camil-

187 905 246 968 lus
259 908 326 971 Etsi
338 907 421 986 enim
431 909 716 1003 commentariorum
731 907 847 972 dicandi
861 929 957 1006 genus
967 907 1164 971 vehementer
1174 908 1238 972 155-
1338 920 1341 927 “

188 1015 322 1079 dandum
334 1015 476 1093 arbitror,
495 1037 555 1100 quo
574 1018 663 1080 modo
682 1016 767 1079 illud
776 1006 899 1089 laudare
916 1014 1044 1098 possim,
1061 1036 1119 1077 non
1136 1015 1237 1079 hercle

188 1120 289 1185 vide0.
306 1121 473 1187 Simile
427 1132 473 1186 es
489 1122 624 1206 prolecto
607 1123 733 1206 5111155,
755 1123 836 1206 quod
851 1142 997 1185 miramur
1010 1143 1115 1185 omnes
1134 1122 1165 1185 in
1185 1122 1238 1186 illa
1296 1157 1300 1185 i

186 1214 381 1324 celeberrima
400 1229 501 1293 Caroli
520 1229 689 1297 duodecimi
709 1210 850 1320 historia,
874 1228 1043 1292 amaximo
1060 1229 1237 1314 quodamc
1275 1236 1281 1248 '⁴
1337 1284 1346 1301 ,

186 1337 299 1400 nostris
313 1337 510 1421 scriptoribus
524 1337 699 1419 elaborata.
715 1336 812 1422 magis
828 1337 892 1400 sine
905 1336 981 1400 vitio
994 1330 1050 1401 est
1057 1359 1148 1421 quum
1165 1354 1234 1400 cum
1278 1318 1284 1329 ’

186 1444 359 1509 virtutibus.
374 1446 501 1510 Summa
510 1446 621 1529 ubique
633 1446 803 1535 aqualitas,
819 1454 851 1509 et
863 1445 1180 1515 accommodatissima
1190 1465 1235 1507 re-

184 1553 243 1616 bus
256 1554 364 1618 oratio.
384 1553 468 1618 Nihil
483 1553 512 1616 in
528 1575 564 1617 55
579 1562 627 1617 555
641 1532 848 1647 conspicuum,
863 1553 937 1615 nihil
954 1553 1035 1636 quod
1053 1552 1157 1616 ocula
1169 1572 1236 1615 mo-

185 1669 281 1744 retur,
292 1660 366 1723 nihil
379 1660 465 1745 quod
472 1660 666 1746 legentibus
654 1661 787 1727 clamet
808 1659 993 1737 Amendrte
1004 1681 1040 1724 55
1050 1654 1166 1744 plaudr
1154 1660 1232 1725 551

182 1784 186 1791 ’
184 1764 309 1835 Μεθ
322 1775 424 1831 autern
441 1768 553 1852 quibus
566 1772 666 1841 555551
679 1768 752 1832 mihi
772 1750 893 1852 quidem
910 1788 970 1832 non
982 1767 1124 1832 videntur
1141 1766 1238 1835 vehe-

186 1882 304 1938 menter
319 1874 562 1939 desideranda:
554 1896 626 1948 imo,
647 1875 671 1937 si
688 1896 737 1938 me
748 1874 865 1948 audias
886 1895 922 1937 55
935 1846 1038 1958 inagis
1052 1895 1123 1938 eum
1143 1884 1235 1936 exor-

185 1980 355 2065 nanbiprod
370 1983 490 2046 absunt.
510 1981 811 2067 Quacumqueemm
821 1981 1013 2049 solummodo
1027 1979 1180 2064 pertinent
1167 1981 1235 2044 tad

135 2089 150 2161 ’,5
186 2089 432 2172 delectationem,
450 2090 526 2152 adeo
543 2110 601 2153 non
615 2111 664 2153 me
680 2086 843 2163 delectant,
864 2094 898 2151 55
914 2086 1043 2157 molesta
1062 2087 1122 2151 sint
1140 2095 1235 2171 atquo
1247 2138 1260 2155 .

138 2210 147 2221 ’·
185 2195 301 2260 odiosa.
313 2197 436 2282 Nempe
448 2199 497 2282 qui
513 2220 561 2262 ma
574 2199 680 2262 doceat
693 2192 806 2282 quaro,
821 2196 943 2285 nonqui
961 2195 1034 2259 mihi
1051 2195 1231 2259 blandiatur.

184 2304 352 2368 Facessant
373 2327 445 2390 ergo
464 2305 540 2370 certi
558 2305 600 2368 1111
621 2313 653 2369 55
673 2304 894 2388 circumscripti
917 2306 1077 2367 verborum
1099 2304 1233 2389 ambitus

184 2411 293 2494 quibus
310 2411 446 2475 rhetores
465 2413 614 2495 gaudent,
637 2419 669 2475 et
687 2413 781 2474 verba
801 2411 884 2473 intes
899 2432 932 2473 se
951 2410 1078 2474 artificio
1100 2406 1231 2493 quodam

184 2518 289 2601 putido
312 2519 525 2602 respondentia
544 2541 551 2591 ;
586 2525 617 2581 ct
639 2518 742 2580 omnia
763 2516 969 2602 hujuscemodi
990 2517 1028 2579 ad
1044 2517 1234 2600 voluptatem
1263 2595 1265 2598 4

184 2624 301 2687 aurium
316 2604 450 2687 inventa.
475 2624 594 2688 Musica
614 2623 678 2686 haec
699 2631 757 2697 est,
772 2638 831 2685 non
847 2622 1037 2715 eloquentia;
1061 2622 1120 2685 aud
1135 2624 1235 2706 potius

185 2741 285 2814 neque
300 2731 514 2814 eloquentiam,
531 2753 630 2816 neque
648 2731 794 2797 musicam
808 2712 1025 2802 5555155515,
1039 2732 1092 2794 sed
1105 2731 1235 2795 mixtum

184 2836 299 2921 aliquid
310 2848 340 2902 et
353 2837 450 2902 lusum
465 2861 502 2902 cr
520 2847 649 2923 utraque
663 2840 694 2902 in
708 2858 769 2924 quo
785 2848 915 2922 utraque
928 2838 1036 2901 vitiata
1053 2838 1104 2901 sit.
1119 2839 1234 2902 Nonne

184 2945 298 3027 optime
312 2947 388 3010 verti
401 2947 497 3030 possit
508 2947 538 3009 15
555 2947 622 3010 11155
635 2955 751 3031 argutae
762 2946 976 3009 modulationis
989 2966 1121 3028 aucupes
1133 2945 1235 3008 Caesa·

183 3053 397 3137 risipsiushoc
417 3053 553 3117 dictturn
574 3053 768 3126 5815551155,
787 3052 1001 3125 maleeantas;
1020 3052 1143 3126 sidcis,
1158 3042 1248 3116 can·¹

184 3157 885 3247 551155555555555555555555·
1010 3152 1016 3161 ’

227 3269 380 3332 Numeros
396 3267 490 3354 igitur
505 3266 609 3335 05555
620 3267 745 3331 minime
762 3286 841 3330 curae
857 3266 959 3330 habet.
976 3267 1152 3331 Dummodo
1165 3289 1235 3352 per·

184 3374 288 3457 spicua
303 3375 341 3437 515
353 3375 504 3439 sententia
520 3396 611 3458 quam
626 3372 759 3457 prolerre
776 3373 870 3456 cupit,
888 3373 952 3436 voti
964 3392 1089 3483 compos
1103 3383 1170 3449 est;
1182 3375 1233 3438 ubi

183 3478 303 3566 ingenio
315 3481 472 3556 satisfecit,
493 3482 549 3546 hoc
561 3483 683 3546 auribus
696 3502 816 3565 quoque
835 3481 910 3544 satis
924 3500 991 3543 esse
980 3456 1117 3551 l[lebete
1130 3481 1234 3544 551551-

182 3597 259 3653 mat.
278 3589 407 3674 Neque
399 3589 563 3653 immerito
584 3590 695 3653 Nonne
708 3589 788 3652 enirn
801 3587 911 3651 mirum
920 3594 979 3663 ebt,
994 3587 1141 3665 pedicam
1159 3588 1235 3652 indi·

182 3719 287 3783 gnum,
305 3697 442 3760 homines
454 3694 556 3770 sanos,
570 3705 599 3760 et
613 3685 735 3780 graves,
750 3703 780 3759 et
791 3695 973 3774 consulares,
987 3696 1059 3779 quid
1072 3695 1233 3767 dicendum

182 3805 223 3868 sit
242 3804 315 3867 nihil
331 3825 449 3876 curare.
476 3805 628 3889 quomodo
648 3804 813 3867 dicendum
824 3796 882 3888 ’115
898 3804 1051 3885 quareret
1075 3803 1156 3868 Pace
1173 3804 1232 3870 hoc

183 3911 277 3974 vestri
300 3912 378 3976 illius
406 3912 561 3978 Ciceronis
583 3912 694 3976 dictum
719 3913 787 3987 sit,.
801 3911 944 3996 quamvis
968 3910 1048 3974 istud
1072 3911 1138 3999 ejus
1160 3914 1232 3975 ’5555
1260 3886 1296 3989 ’,
1325 3946 1339 3971 5

182 4019 333 4101 videatur,
351 4041 411 4083 non
428 4026 535 4093 tantae,
557 4028 591 4083 ut
610 4020 727 4104 opinor,
745 4020 895 4103 voluptati
910 4018 1001 4082 fucrit
1017 4018 1047 4081 in
1065 4017 1130 4082 foro
1147 4019 1232 4102 apud

180 4129 350 4214 Romanos,
364 4136 479 4217 quanto
493 4132 573 4214 opud
589 4152 645 4194 nos
659 4128 687 4192 in
702 4129 814 4194 scholis
827 4130 965 4194 ludibrio.
984 4126 1079 4213 Cujus
1091 4128 1231 4211 equidem
1326 4134 1343 4159 '¹

1263 3444 1295 3505 {³

1321 3694 1333 3729 1

217 4368 250 4431 (1)
268 4368 352 4432 Quint.
368 4373 391 4435 1,
405 4373 429 4433 8,
442 4374 465 4421 ἲ,
