2730 4966
598 349 752 408 -.5.-

153 492 278 575 quentia
291 490 418 556 fortunae
433 492 555 557 arbitrio
571 493 751 576 permissum
770 502 815 557 est
829 493 920 567 nihil;
939 492 1012 556 nihil
1028 493 1132 557 alienae
1143 494 1200 559 vir-

151 600 226 663 tutis
243 599 356 663 auxilio
371 600 477 686 corrigi
495 608 609 683 potest.
626 599 673 664 Ut
695 599 846 663 neminem
875 599 997 683 culpare
1015 599 1103 663 violis
1117 599 1197 678 licet,

151 706 196 770 ila
211 707 241 770 in
256 715 372 791 partem
387 706 522 771 victoriae
537 706 620 770 venit
630 727 731 772 nemo.
746 709 859 773 Orator
875 727 946 792 ergo
962 728 1051 770 nemo
1066 728 1200 791 unquam

151 822 244 883 natus
254 821 312 878 est.
323 815 370 878 Tu
379 813 513 878 forenses
525 836 642 898 pugnas
653 813 828 878 umbratiles
840 813 951 878 vocasl
959 814 1053 893 Quasi
1063 835 1136 878 vero
1145 813 1201 879 dil·
1259 881 1263 888 ,

152 921 260 985 ficilius
280 922 320 985 sit
340 929 512 1006 pugnantes
526 944 543 986 e
557 922 721 1007 longinquo
735 928 874 1006 spectare
888 922 1011 1000 milites,
1026 943 1117 1004 quarn
1132 941 1200 985 sese

152 1029 425 1113 nulliscohortibus
439 1030 599 1116 stipatum,
614 1029 747 1092 medium
763 1029 793 1092 in
811 1035 964 1093 certarnen
979 1028 1154 1106 immittere,
1168 1034 1216 1092 et'

153 1134 1201 1220 suaevirtutisacpotontiae,non'alienae,periculumfacere.Versari
1251 1125 1256 1135 ⁴

155 1245 248 1307 etiam
267 1243 297 1306 in
319 1245 436 1320 rostris
451 1252 481 1308 et
502 1252 584 1308 stare
604 1248 634 1308 in
652 1244 747 1309 oculis
764 1244 888 1322 civium,
910 1251 1056 1309 etvocem
1080 1244 1196 1320 tollere,

155 1351 207 1434 qui
232 1372 290 1413 non
306 1351 423 1426 didicit,
444 1351 498 1415 vix
521 1353 648 1423 audeat:
667 1353 778 1416 nedum
800 1360 831 1416 et
845 1352 994 1417 clamores
1009 1358 1041 1416 et
1056 1351 1153 1416 minas
1169 1357 1201 1416 et

156 1479 271 1520 saevum
288 1479 423 1522 murmur
435 1460 591 1523 turbarum
609 1458 757 1522 sustineat
772 1465 864 1542 atque
878 1455 1063 1542 compescat.

198 1565 544 1652 Demosthenemigitur
553 1587 589 1631 ao
600 1566 788 1643 Ciceronem,
803 1587 910 1630 omnes
924 1565 1053 1649 deniquo
1065 1564 1117 1649 qui
1127 1562 1203 1631 effe·

156 1680 261 1737 cerunt
282 1673 397 1756 aliquid
420 1673 451 1736 in
472 1673 646 1759 eloquentia
669 1673 699 1735 in
723 1673 902 1737 memoriam
927 1678 1084 1749 revocate,
1110 1691 1203 1756 quem

156 1781 313 1862 reperietis
328 1779 379 1864 qui
398 1781 458 1844 non
475 1802 585 1864 magno
607 1778 726 1865 labore,
748 1780 937 1864 assiduisque
956 1779 1204 1845 meditationibus

157 1887 302 1971 quidquid
315 1878 422 1952 habuit
441 1887 612 1972 paraveritl
627 1888 706 1952 Sunt
724 1888 845 1972 quidem
865 1888 999 1952 nonnulli
1020 1887 1072 1972 qui
1095 1889 1202 1951 rudem

156 2001 250 2079 atque
263 1993 408 2060 incultam
423 1995 625 2078 eloquentiam
641 1994 768 2080 professi
778 1997 839 2059 sint
852 2018 858 2059 :
873 1996 939 2078 ipsa
952 2001 1054 2058 autem
1063 1994 1115 2058 illa
1125 1993 1202 2058 artis

156 2102 357 2165 dissimulatio
371 2110 500 2166 arserat
523 2109 615 2185 atque
629 2101 766 2166 scientia.
795 2103 894 2181 Quem
909 2101 986 2186 sugit
1001 2102 1082 2186 apud
1092 2101 1205 2165 Roma·

156 2229 213 2272 nos
226 2209 342 2272 nullum
356 2207 449 2272 fuisse
463 2209 593 2272 nobilem
609 2209 845 2290 adolescentem,
864 2210 987 2293 quinon
1003 2228 1085 2272 mare
1101 2215 1203 2272 trans-

156 2316 234 2392 iret,
253 2315 454 2400 Athenasque
475 2315 636 2402 migraret,
656 2316 766 2380 litteris
785 2316 926 2380 studendi
946 2336 1057 2399 causa,
1076 2335 1205 2399 quarum

138 2423 198 2487 ribi
219 2423 382 2488 mansisset
402 2423 494 2487 etiam
515 2431 581 2487 tum
596 2422 826 2512 pacatissimum
847 2421 1032 2488 domicilium
1048 2430 1154 2505 atque,
1168 2427 1204 2486 ut

155 2530 201 2595 ita
222 2532 333 2608 dicam,
352 2529 529 2595 sacrarium.
548 2528 700 2594 Caesarem
718 2551 790 2615 ergo
805 2531 898 2595 etiarn
914 2529 940 2592 si
965 2551 1071 2593 omnes
1091 2535 1206 2615 negent

156 2645 276 2702 veteres
299 2639 399 2702 studio
425 2639 545 2702 dedisse
571 2658 713 2721 operam,
739 2638 792 2702 vix
814 2638 902 2701 fidem
926 2637 1099 2703 adhibeam.
1122 2635 1205 2715 Quid

157 2746 250 2831 igitur
265 2766 369 2810 censes
383 2766 431 2808 me
447 2744 609 2823 facturum,
622 2766 690 2809 cum
707 2766 849 2830 magnam
871 2753 902 2810 et
916 2746 1068 2810 assiduam
1087 2744 1206 2807 dedisse

158 2853 329 2917 testenturl
345 2853 485 2917 Tacitum
497 2853 628 2936 primum
642 2852 814 2938 audiamus,
830 2861 884 2917 aut
899 2854 925 2916 si
941 2853 1009 2937 quis
1023 2852 1100 2915 alius
1113 2851 1206 2914 dialo-
1234 2870 1238 2882 ¹

158 2980 229 3043 gum
246 2941 284 3021 de
298 2958 473 3026 oratoribus
486 2959 700 3043 composuerit,
720 2967 893 3023 narrantem
915 2979 1034 3022 summa
1049 2977 1117 3019 eum
1133 2976 1207 3018 cura

159 3069 216 3130 sub
242 3068 339 3131 tutela
359 3069 466 3130 matris
488 3067 633 3142 Aureliae,
662 3076 698 3131 ut
713 3069 864 3151 quondam
885 3065 1043 3129 Gracchos
1066 3063 1166 3127 lerunt
1187 3082 1207 3126 a

160 3182 258 3237 matre
273 3173 425 3248 Cornelia,
443 3174 487 3237 ita
501 3175 661 3238 educatum
682 3180 713 3238 et
725 3175 875 3237 eruditum
890 3171 998 3250 fuisse,
1015 3179 1050 3236 ut
1067 3170 1209 3255 princeps

160 3282 229 3345 inde
245 3282 292 3346 vir
310 3283 455 3346 eraderet
470 3280 527 3369 (1).
545 3282 724 3347 Suetonium
736 3302 815 3346 nunc
829 3280 954 3346 afferam
973 3280 1041 3344 visl

206 3391 347 3455 -Video
360 3411 503 3474 quorsum
515 3391 752 3478 pergasinquit
766 3389 915 3455 Camillus
930 3413 937 3454 :
953 3407 1051 3472 neque
1067 3407 1115 3449 me
1132 3385 1210 3450 fallit

164 3521 245 3574 eum,
264 3519 324 3583 quo
348 3505 486 3582 tempore
503 3498 647 3562 Rhodum
671 3497 810 3561 secedere
836 3505 959 3562 coactus
974 3504 1030 3568 est,
1049 3493 1207 3577 Apollonii

162 3605 293 3671 Molonis
308 3605 477 3668 auditorem
495 3603 543 3693 (2)
558 3603 733 3688 aliquandiu
752 3625 807 3687 per
825 3604 921 3668 otium
934 3603 1051 3696 luisse,
1074 3607 1109 3664 ut
1128 3598 1210 3664 exilii

161 3715 283 3817 tpdium
310 3713 445 3795 levaret,
463 3731 546 3787 reor,
570 3711 692 3796 graculi
710 3710 841 3774 hominis
863 3711 1020 3774 artificium
1045 3718 1076 3773 et
1091 3708 1211 3792 praesti-

161 3820 227 3908 gins
249 3821 414 3904 spectando
434 3819 643 3903 potiusquam
664 3825 699 3883 ut
724 3816 844 3903 exejus
868 3816 1027 3902 disciplina
1043 3816 1207 3902 quidquam

161 3929 309 3994 hauriret.
882 4012 885 4015 Ι

207 4035 263 4100 Cui
280 4054 382 4099 rursus
397 4032 538 4099 Valerius
557 4053 565 4096 t
583 4033 687 4096 Facile
702 4040 760 4110 est,
788 4032 887 4118 lepido
905 4032 1072 4118 praesertim
1096 4028 1216 4093 adoles-

162 4143 243 4208 centi
260 4152 291 4206 et
303 4142 471 4225 ingenioso,
483 4148 518 4204 ut
534 4148 565 4204 te
579 4141 730 4217 novimus,
743 4140 873 4207 Caesaris
888 4140 1012 4206 intimos
1026 4159 1134 4204 sensus
1144 4145 1215 4222 post
1281 4214 1289 4229 ·

198 4387 231 4451 (l)
250 4388 310 4434 Tae.
322 4385 367 4436 Or.
380 4384 417 4434 ξε.
432 4409 466 4418 ·-
475 4385 509 4446 (21
524 4385 592 4436 Suet.
604 4385 664 4436 Cas.
676 4385 699 4435 t.
720 4409 722 4412 >
