<?xml version="1.0" encoding="UTF-8"?>
<!DOCTYPE html PUBLIC "-//W3C//DTD XHTML 1.0 Transitional//EN"
    "http://www.w3.org/TR/xhtml1/DTD/xhtml1-transitional.dtd">
<html xmlns="http://www.w3.org/1999/xhtml" xml:lang="en" lang="en">
 <head>
  <title>
</title>
<meta http-equiv="Content-Type" content="text/html;charset=utf-8" />
  <meta name='ocr-system' content='tesseract 3.04.00' />
  <meta name='ocr-capabilities' content='ocr_page ocr_carea ocr_par ocr_line ocrx_word'/>
</head>
<body>
  <div class='ocr_page' id='page_1' title='image "./decaiijuliicaes00lislgoog_0055.png"; bbox 0 0 2730 4966; ppageno 0'>
   <div class='ocr_carea' id='block_1_1' title="bbox 692 317 864 380">
    <p class='ocr_par' dir='ltr' id='par_1_1' title="bbox 692 317 864 380">
     <span class='ocr_line' id='line_1_1' title="bbox 692 317 864 380; baseline 0.006 -15"><span class='ocrx_word' id='word_1_1' title='bbox 692 317 864 380; x_wconf 80' lang='grc'>...46-</span> 
     </span>
    </p>
   </div>
   <div class='ocr_carea' id='block_1_2' title="bbox 251 446 1299 542">
    <p class='ocr_par' dir='ltr' id='par_1_2' title="bbox 251 446 1299 542">
     <span class='ocr_line' id='line_1_2' title="bbox 251 446 1299 542; baseline 0.003 -24"><span class='ocrx_word' id='word_1_2' title='bbox 251 455 333 520; x_wconf 84' lang='lat' dir='ltr'>enirn</span> <span class='ocrx_word' id='word_1_3' title='bbox 348 456 489 540; x_wconf 88' lang='lat' dir='ltr'>pulchras</span> <span class='ocrx_word' id='word_1_4' title='bbox 502 456 630 540; x_wconf 85' lang='lat' dir='ltr'>ignaviae</span> <span class='ocrx_word' id='word_1_5' title='bbox 649 479 756 522; x_wconf 82' lang='lat' dir='ltr'><strong>causas</strong></span> <span class='ocrx_word' id='word_1_6' title='bbox 769 458 868 533; x_wconf 83' lang='lat' dir='ltr'>affert,</span> <span class='ocrx_word' id='word_1_7' title='bbox 887 462 920 521; x_wconf 88' lang='lat' dir='ltr'>ut</span> <span class='ocrx_word' id='word_1_8' title='bbox 938 457 1045 522; x_wconf 90' lang='lat' dir='ltr'>induta</span> <span class='ocrx_word' id='word_1_9' title='bbox 1059 446 1214 541; x_wconf 76' lang='lat' dir='ltr'>aequitatis</span> <span class='ocrx_word' id='word_1_10' title='bbox 1226 468 1299 542; x_wconf 87' lang='lat' dir='ltr'>spe-</span> 
     </span>
    </p>
   </div>
   <div class='ocr_carea' id='block_1_3' title="bbox 249 554 1347 1495">
    <p class='ocr_par' dir='ltr' id='par_1_3' title="bbox 252 554 1300 745">
     <span class='ocr_line' id='line_1_3' title="bbox 252 554 1300 640; baseline 0.003 -23"><span class='ocrx_word' id='word_1_11' title='bbox 252 554 310 636; x_wconf 85' lang='lat' dir='ltr'>cie,</span> <span class='ocrx_word' id='word_1_12' title='bbox 323 555 388 618; x_wconf 90' lang='lat' dir='ltr'>sine</span> <span class='ocrx_word' id='word_1_13' title='bbox 403 557 517 637; x_wconf 91' lang='lat' dir='ltr'>pudore</span> <span class='ocrx_word' id='word_1_14' title='bbox 528 577 564 620; x_wconf 86' lang='lat' dir='ltr'>ac</span> <span class='ocrx_word' id='word_1_15' title='bbox 576 557 683 621; x_wconf 80' lang='lat' dir='ltr'>rubore</span> <span class='ocrx_word' id='word_1_16' title='bbox 697 557 795 640; x_wconf 84' lang='lat' dir='ltr'>possit</span> <span class='ocrx_word' id='word_1_17' title='bbox 810 557 866 620; x_wconf 91' lang='lat' dir='ltr'>sibi</span> <span class='ocrx_word' id='word_1_18' title='bbox 877 557 1033 620; x_wconf 87' lang='lat' dir='ltr'>consulere</span> <span class='ocrx_word' id='word_1_19' title='bbox 1046 562 1141 638; x_wconf 85' lang='lat' dir='ltr'>atque</span> <span class='ocrx_word' id='word_1_20' title='bbox 1155 555 1300 620; x_wconf 84' lang='lat' dir='ltr'>omittere</span> 
     </span>
     <span class='ocr_line' id='line_1_4' title="bbox 252 649 1155 745; baseline 0 -22"><span class='ocrx_word' id='word_1_21' title='bbox 252 650 484 745; x_wconf 84' lang='lat' dir='ltr'>rempublicam!</span> <span class='ocrx_word' id='word_1_22' title='bbox 1151 649 1155 656; x_wconf 44' lang='lat'><strong><em>¹</em></strong></span> 
     </span>
    </p>

    <p class='ocr_par' dir='ltr' id='par_1_4' title="bbox 249 756 1347 1495">
     <span class='ocr_line' id='line_1_5' title="bbox 297 756 1347 845; baseline 0.001 -14"><span class='ocrx_word' id='word_1_23' title='bbox 297 770 373 845; x_wconf 76' lang='lat' dir='ltr'>Qua</span> <span class='ocrx_word' id='word_1_24' title='bbox 384 776 486 833; x_wconf 88' lang='lat' dir='ltr'>autern</span> <span class='ocrx_word' id='word_1_25' title='bbox 497 771 673 836; x_wconf 74' lang='lat' dir='ltr'>calliditatis</span> <span class='ocrx_word' id='word_1_26' title='bbox 687 778 719 835; x_wconf 88' lang='lat' dir='ltr'>et</span> <span class='ocrx_word' id='word_1_27' title='bbox 731 756 980 834; x_wconf 85' lang='lat' dir='ltr'>dissimulationis</span> <span class='ocrx_word' id='word_1_28' title='bbox 991 768 1137 834; x_wconf 87' lang='lat' dir='ltr'>miracula</span> <span class='ocrx_word' id='word_1_29' title='bbox 1145 767 1195 834; x_wconf 87' lang='lat' dir='ltr'>hic</span> <span class='ocrx_word' id='word_1_30' title='bbox 1204 767 1301 834; x_wconf 88' lang='lat' dir='ltr'>edidit</span> <span class='ocrx_word' id='word_1_31' title='bbox 1344 826 1347 832; x_wconf 91' lang='grc'><em>,</em></span> 
     </span>
     <span class='ocr_line' id='line_1_6' title="bbox 250 872 1300 962; baseline 0 -22"><span class='ocrx_word' id='word_1_32' title='bbox 250 875 369 958; x_wconf 85' lang='lat' dir='ltr'>singula</span> <span class='ocrx_word' id='word_1_33' title='bbox 387 876 532 960; x_wconf 85' lang='lat' dir='ltr'>persequi</span> <span class='ocrx_word' id='word_1_34' title='bbox 547 898 647 962; x_wconf 92' lang='lat' dir='ltr'>neque</span> <span class='ocrx_word' id='word_1_35' title='bbox 662 878 735 941; x_wconf 89' lang='lat' dir='ltr'>mibi</span> <span class='ocrx_word' id='word_1_36' title='bbox 755 877 946 960; x_wconf 88' lang='lat' dir='ltr'>propositum</span> <span class='ocrx_word' id='word_1_37' title='bbox 967 885 1028 954; x_wconf 84' lang='lat' dir='ltr'>est,</span> <span class='ocrx_word' id='word_1_38' title='bbox 1051 872 1082 940; x_wconf 86' lang='lat' dir='ltr'>et</span> <span class='ocrx_word' id='word_1_39' title='bbox 1095 895 1152 940; x_wconf 87' lang='lat' dir='ltr'>vos</span> <span class='ocrx_word' id='word_1_40' title='bbox 1167 877 1300 940; x_wconf 89' lang='lat' dir='ltr'>simodo</span> 
     </span>
     <span class='ocr_line' id='line_1_7' title="bbox 249 981 1301 1065; baseline 0 -19"><span class='ocrx_word' id='word_1_41' title='bbox 249 981 386 1065; x_wconf 79' lang='lat' dir='ltr'>aspicere</span> <span class='ocrx_word' id='word_1_42' title='bbox 402 984 496 1048; x_wconf 86' lang='lat' dir='ltr'>vrdtis</span> <span class='ocrx_word' id='word_1_43' title='bbox 516 985 682 1050; x_wconf 87' lang='lat' dir='ltr'>videbitis:</span> <span class='ocrx_word' id='word_1_44' title='bbox 711 985 743 1047; x_wconf 93' lang='lat' dir='ltr'>id</span> <span class='ocrx_word' id='word_1_45' title='bbox 759 991 878 1048; x_wconf 87' lang='lat' dir='ltr'>lantum</span> <span class='ocrx_word' id='word_1_46' title='bbox 899 985 1059 1048; x_wconf 86' lang='lat' dir='ltr'>ostendere</span> <span class='ocrx_word' id='word_1_47' title='bbox 1073 982 1175 1058; x_wconf 82' lang='lat' dir='ltr'>volui,</span> <span class='ocrx_word' id='word_1_48' title='bbox 1194 981 1301 1057; x_wconf 84' lang='lat' dir='ltr'>Caesa-</span> 
     </span>
     <span class='ocr_line' id='line_1_8' title="bbox 252 1089 1300 1174; baseline 0.002 -20"><span class='ocrx_word' id='word_1_49' title='bbox 252 1110 316 1154; x_wconf 87' lang='lat' dir='ltr'>rem</span> <span class='ocrx_word' id='word_1_50' title='bbox 340 1089 491 1154; x_wconf 86' lang='lat' dir='ltr'>interdurn</span> <span class='ocrx_word' id='word_1_51' title='bbox 510 1093 645 1156; x_wconf 85' lang='lat' dir='ltr'>sedendo</span> <span class='ocrx_word' id='word_1_52' title='bbox 669 1092 762 1156; x_wconf 88' lang='lat' dir='ltr'>etiarn</span> <span class='ocrx_word' id='word_1_53' title='bbox 781 1112 817 1154; x_wconf 87' lang='lat' dir='ltr'>ac</span> <span class='ocrx_word' id='word_1_54' title='bbox 827 1089 959 1174; x_wconf 86' lang='lat' dir='ltr'>jocando</span> <span class='ocrx_word' id='word_1_55' title='bbox 978 1090 1124 1155; x_wconf 89' lang='lat' dir='ltr'>adfinem</span> <span class='ocrx_word' id='word_1_56' title='bbox 1143 1091 1300 1156; x_wconf 77' lang='lat' dir='ltr'>celerrime</span> 
     </span>
     <span class='ocr_line' id='line_1_9' title="bbox 249 1195 1300 1282; baseline 0.003 -24"><span class='ocrx_word' id='word_1_57' title='bbox 249 1196 392 1281; x_wconf 86' lang='lat' dir='ltr'>progredi</span> <span class='ocrx_word' id='word_1_58' title='bbox 402 1198 512 1282; x_wconf 85' lang='lat' dir='ltr'>solere,</span> <span class='ocrx_word' id='word_1_59' title='bbox 527 1207 559 1262; x_wconf 89' lang='lat' dir='ltr'>et</span> <span class='ocrx_word' id='word_1_60' title='bbox 573 1198 724 1282; x_wconf 86' lang='lat' dir='ltr'>permulta</span> <span class='ocrx_word' id='word_1_61' title='bbox 735 1195 832 1260; x_wconf 88' lang='lat' dir='ltr'>levius</span> <span class='ocrx_word' id='word_1_62' title='bbox 844 1197 974 1262; x_wconf 68' lang='lat' dir='ltr'>intuenti</span> <span class='ocrx_word' id='word_1_63' title='bbox 989 1195 1203 1282; x_wconf 78' lang='lat' dir='ltr'>frigidautq&#39;ue</span> <span class='ocrx_word' id='word_1_64' title='bbox 1213 1197 1254 1259; x_wconf 83' lang='lat' dir='ltr'>ab</span> <span class='ocrx_word' id='word_1_65' title='bbox 1266 1217 1300 1261; x_wconf 88' lang='lat' dir='ltr'>re</span> 
     </span>
     <span class='ocr_line' id='line_1_10' title="bbox 249 1303 1301 1388; baseline -0.001 -20"><span class='ocrx_word' id='word_1_66' title='bbox 249 1303 349 1368; x_wconf 87' lang='lat' dir='ltr'>aliena</span> <span class='ocrx_word' id='word_1_67' title='bbox 369 1303 477 1380; x_wconf 84' lang='lat' dir='ltr'>videri,</span> <span class='ocrx_word' id='word_1_68' title='bbox 494 1326 587 1388; x_wconf 89' lang='lat' dir='ltr'>quum</span> <span class='ocrx_word' id='word_1_69' title='bbox 612 1312 717 1368; x_wconf 86' lang='lat' dir='ltr'>tamen</span> <span class='ocrx_word' id='word_1_70' title='bbox 736 1303 810 1367; x_wconf 93' lang='lat' dir='ltr'>nihil</span> <span class='ocrx_word' id='word_1_71' title='bbox 826 1304 924 1388; x_wconf 83' lang='lat' dir='ltr'>magis</span> <span class='ocrx_word' id='word_1_72' title='bbox 940 1305 971 1368; x_wconf 92' lang='lat' dir='ltr'>in</span> <span class='ocrx_word' id='word_1_73' title='bbox 987 1325 1051 1368; x_wconf 92' lang='lat' dir='ltr'>rem</span> <span class='ocrx_word' id='word_1_74' title='bbox 1072 1305 1126 1367; x_wconf 88' lang='lat' dir='ltr'>sit.</span> <span class='ocrx_word' id='word_1_75' title='bbox 1141 1303 1251 1387; x_wconf 86' lang='lat' dir='ltr'>Neque</span> <span class='ocrx_word' id='word_1_76' title='bbox 1267 1304 1301 1367; x_wconf 91' lang='lat' dir='ltr'>id</span> 
     </span>
     <span class='ocr_line' id='line_1_11' title="bbox 250 1409 1300 1495; baseline 0 -21"><span class='ocrx_word' id='word_1_77' title='bbox 250 1410 347 1474; x_wconf 89' lang='lat' dir='ltr'>solum</span> <span class='ocrx_word' id='word_1_78' title='bbox 363 1411 394 1474; x_wconf 93' lang='lat' dir='ltr'>in</span> <span class='ocrx_word' id='word_1_79' title='bbox 410 1413 533 1476; x_wconf 86' lang='lat' dir='ltr'>exordio</span> <span class='ocrx_word' id='word_1_80' title='bbox 549 1410 744 1476; x_wconf 89' lang='lat' dir='ltr'>manifestum</span> <span class='ocrx_word' id='word_1_81' title='bbox 757 1431 826 1475; x_wconf 84' lang='lat' dir='ltr'>esse</span> <span class='ocrx_word' id='word_1_82' title='bbox 838 1432 918 1493; x_wconf 86' lang='lat' dir='ltr'>reor,</span> <span class='ocrx_word' id='word_1_83' title='bbox 932 1413 985 1475; x_wconf 81' lang='lat' dir='ltr'>sed</span> <span class='ocrx_word' id='word_1_84' title='bbox 1001 1409 1081 1475; x_wconf 87' lang='lat' dir='ltr'>iniis</span> <span class='ocrx_word' id='word_1_85' title='bbox 1094 1430 1215 1494; x_wconf 88' lang='lat' dir='ltr'>quoque</span> <span class='ocrx_word' id='word_1_86' title='bbox 1231 1432 1300 1495; x_wconf 92' lang='lat' dir='ltr'>quae</span> 
     </span>
    </p>
   </div>
   <div class='ocr_carea' id='block_1_4' title="bbox 133 1516 1300 1611">
    <p class='ocr_par' dir='ltr' id='par_1_5' title="bbox 133 1516 1300 1611">
     <span class='ocr_line' id='line_1_12' title="bbox 133 1516 1300 1611; baseline -0.001 -30"><span class='ocrx_word' id='word_1_87' title='bbox 133 1551 137 1558; x_wconf 95' lang='lat'><em>·</em></span> <span class='ocrx_word' id='word_1_88' title='bbox 251 1518 289 1581; x_wconf 90' lang='lat' dir='ltr'>de</span> <span class='ocrx_word' id='word_1_89' title='bbox 302 1516 406 1581; x_wconf 87' lang='lat' dir='ltr'>inferis</span> <span class='ocrx_word' id='word_1_90' title='bbox 420 1518 573 1594; x_wconf 87' lang='lat' dir='ltr'>disseruit,</span> <span class='ocrx_word' id='word_1_91' title='bbox 589 1539 625 1583; x_wconf 90' lang='lat' dir='ltr'>ac</span> <span class='ocrx_word' id='word_1_92' title='bbox 646 1519 685 1582; x_wconf 91' lang='lat' dir='ltr'>de</span> <span class='ocrx_word' id='word_1_93' title='bbox 702 1518 826 1602; x_wconf 89' lang='lat' dir='ltr'>triginta</span> <span class='ocrx_word' id='word_1_94' title='bbox 839 1517 1073 1601; x_wconf 77' lang='lat' dir='ltr'>Atheniensium</span> <span class='ocrx_word' id='word_1_95' title='bbox 1091 1517 1242 1611; x_wconf 50' lang='lat' dir='ltr'>tyrannia</span> <span class='ocrx_word' id='word_1_96' title='bbox 1268 1524 1300 1581; x_wconf 88' lang='lat' dir='ltr'>et</span> 
     </span>
    </p>
   </div>
   <div class='ocr_carea' id='block_1_5' title="bbox 246 1616 1357 3319">
    <p class='ocr_par' dir='ltr' id='par_1_6' title="bbox 246 1616 1357 3319">
     <span class='ocr_line' id='line_1_13' title="bbox 250 1616 1352 1704; baseline 0 -16"><span class='ocrx_word' id='word_1_97' title='bbox 250 1625 289 1688; x_wconf 93' lang='lat' dir='ltr'>de</span> <span class='ocrx_word' id='word_1_98' title='bbox 312 1624 460 1688; x_wconf 88' lang='lat' dir='ltr'>institutis</span> <span class='ocrx_word' id='word_1_99' title='bbox 488 1626 760 1690; x_wconf 81' lang='lat' dir='ltr'>alienis-Romana</span> <span class='ocrx_word' id='word_1_100' title='bbox 783 1625 909 1689; x_wconf 86' lang='lat' dir='ltr'>civitate</span> <span class='ocrx_word' id='word_1_101' title='bbox 934 1625 1065 1690; x_wconf 79' lang='lat' dir='ltr'>donatis.</span> <span class='ocrx_word' id='word_1_102' title='bbox 1092 1616 1300 1704; x_wconf 79' lang='lat' dir='ltr'>Quamobrem</span> <span class='ocrx_word' id='word_1_103' title='bbox 1350 1625 1352 1628; x_wconf 76' lang='grc'><strong>’</strong></span> 
     </span>
     <span class='ocr_line' id='line_1_14' title="bbox 249 1724 1357 1825; baseline 0.005 -32"><span class='ocrx_word' id='word_1_104' title='bbox 249 1730 342 1814; x_wconf 86' lang='lat' dir='ltr'>igitur</span> <span class='ocrx_word' id='word_1_105' title='bbox 353 1731 418 1794; x_wconf 83' lang='lat' dir='ltr'>haec</span> <span class='ocrx_word' id='word_1_106' title='bbox 434 1734 536 1795; x_wconf 88' lang='lat' dir='ltr'>omnia</span> <span class='ocrx_word' id='word_1_107' title='bbox 551 1732 752 1797; x_wconf 85' lang='lat' dir='ltr'>memoravitl</span> <span class='ocrx_word' id='word_1_108' title='bbox 765 1733 851 1797; x_wconf 93' lang='lat' dir='ltr'>Num</span> <span class='ocrx_word' id='word_1_109' title='bbox 862 1740 895 1796; x_wconf 93' lang='lat' dir='ltr'>ut</span> <span class='ocrx_word' id='word_1_110' title='bbox 911 1733 1090 1809; x_wconf 80' lang='lat' dir='ltr'>doctrinam,</span> <span class='ocrx_word' id='word_1_111' title='bbox 1104 1740 1170 1796; x_wconf 84' lang='lat' dir='ltr'>turn</span> <span class='ocrx_word' id='word_1_112' title='bbox 1187 1732 1298 1825; x_wconf 82' lang='lat' dir='ltr'>idoneo</span> <span class='ocrx_word' id='word_1_113' title='bbox 1340 1724 1357 1731; x_wconf 63' lang='grc'>”</span> 
     </span>
     <span class='ocr_line' id='line_1_15' title="bbox 249 1837 1351 1928; baseline 0.002 -28"><span class='ocrx_word' id='word_1_114' title='bbox 249 1837 314 1901; x_wconf 88' lang='lat' dir='ltr'>loco</span> <span class='ocrx_word' id='word_1_115' title='bbox 329 1845 361 1901; x_wconf 92' lang='lat' dir='ltr'>et</span> <span class='ocrx_word' id='word_1_116' title='bbox 375 1844 513 1921; x_wconf 89' lang='lat' dir='ltr'>tempore</span> <span class='ocrx_word' id='word_1_117' title='bbox 527 1839 713 1904; x_wconf 86' lang='lat' dir='ltr'>ostentaretl</span> <span class='ocrx_word' id='word_1_118' title='bbox 726 1839 772 1902; x_wconf 92' lang='lat' dir='ltr'>Ut</span> <span class='ocrx_word' id='word_1_119' title='bbox 788 1839 886 1923; x_wconf 87' lang='lat' dir='ltr'>magis</span> <span class='ocrx_word' id='word_1_120' title='bbox 903 1860 939 1903; x_wconf 91' lang='lat' dir='ltr'>ac</span> <span class='ocrx_word' id='word_1_121' title='bbox 955 1840 1053 1924; x_wconf 87' lang='lat' dir='ltr'>magis</span> <span class='ocrx_word' id='word_1_122' title='bbox 1074 1839 1192 1928; x_wconf 85' lang='lat' dir='ltr'>animos</span> <span class='ocrx_word' id='word_1_123' title='bbox 1207 1859 1299 1903; x_wconf 87' lang='lat' dir='ltr'>aver·</span> <span class='ocrx_word' id='word_1_124' title='bbox 1346 1887 1351 1896; x_wconf 87' lang='lat'>.</span> 
     </span>
     <span class='ocr_line' id='line_1_16' title="bbox 249 1944 1299 2029; baseline 0.002 -22"><span class='ocrx_word' id='word_1_125' title='bbox 249 1951 359 2009; x_wconf 78' lang='lat' dir='ltr'>terete</span> <span class='ocrx_word' id='word_1_126' title='bbox 372 1945 558 2029; x_wconf 85' lang='lat' dir='ltr'>cogitatione</span> <span class='ocrx_word' id='word_1_127' title='bbox 568 1955 669 2010; x_wconf 87' lang='lat' dir='ltr'>metus</span> <span class='ocrx_word' id='word_1_128' title='bbox 680 1945 838 2029; x_wconf 87' lang='lat' dir='ltr'>praesentis</span> <span class='ocrx_word' id='word_1_129' title='bbox 847 1952 879 2009; x_wconf 89' lang='lat' dir='ltr'>et</span> <span class='ocrx_word' id='word_1_130' title='bbox 888 1944 1032 2009; x_wconf 87' lang='lat' dir='ltr'>instantis</span> <span class='ocrx_word' id='word_1_131' title='bbox 1040 1945 1164 2029; x_wconf 82' lang='lat' dir='ltr'>periculi</span> <span class='ocrx_word' id='word_1_132' title='bbox 1177 1969 1184 2019; x_wconf 90' lang='lat'>;</span> <span class='ocrx_word' id='word_1_133' title='bbox 1198 1954 1233 2007; x_wconf 90' lang='lat' dir='ltr'>ut</span> <span class='ocrx_word' id='word_1_134' title='bbox 1243 1965 1299 2009; x_wconf 88' lang='lat' dir='ltr'>au-</span> 
     </span>
     <span class='ocr_line' id='line_1_17' title="bbox 251 2051 1299 2142; baseline 0 -27"><span class='ocrx_word' id='word_1_135' title='bbox 251 2051 397 2116; x_wconf 88' lang='lat' dir='ltr'>dientium</span> <span class='ocrx_word' id='word_1_136' title='bbox 424 2053 519 2117; x_wconf 91' lang='lat' dir='ltr'>oculis</span> <span class='ocrx_word' id='word_1_137' title='bbox 541 2053 631 2136; x_wconf 88' lang='lat' dir='ltr'>quasi</span> <span class='ocrx_word' id='word_1_138' title='bbox 655 2054 794 2137; x_wconf 86' lang='lat' dir='ltr'>quaedam</span> <span class='ocrx_word' id='word_1_139' title='bbox 814 2052 883 2116; x_wconf 88' lang='lat' dir='ltr'>vela</span> <span class='ocrx_word' id='word_1_140' title='bbox 902 2052 1060 2139; x_wconf 89' lang='lat' dir='ltr'>injiceret,</span> <span class='ocrx_word' id='word_1_141' title='bbox 1084 2070 1132 2142; x_wconf 36' lang='lat' dir='ltr'>ne·</span> <span class='ocrx_word' id='word_1_142' title='bbox 1140 2058 1299 2116; x_wconf 88' lang='lat' dir='ltr'>cernerent</span> 
     </span>
     <span class='ocr_line' id='line_1_18' title="bbox 249 2158 1300 2243; baseline 0.003 -23"><span class='ocrx_word' id='word_1_143' title='bbox 249 2159 440 2243; x_wconf 86' lang='lat' dir='ltr'>ingruentem</span> <span class='ocrx_word' id='word_1_144' title='bbox 453 2158 630 2242; x_wconf 86' lang='lat' dir='ltr'>procellam.</span> <span class='ocrx_word' id='word_1_145' title='bbox 642 2160 722 2222; x_wconf 90' lang='lat' dir='ltr'>Rem</span> <span class='ocrx_word' id='word_1_146' title='bbox 737 2159 829 2242; x_wconf 89' lang='lat' dir='ltr'>igitur</span> <span class='ocrx_word' id='word_1_147' title='bbox 840 2179 876 2221; x_wconf 93' lang='lat' dir='ltr'>eo</span> <span class='ocrx_word' id='word_1_148' title='bbox 888 2159 976 2228; x_wconf 88' lang='lat' dir='ltr'>duxit</span> <span class='ocrx_word' id='word_1_149' title='bbox 990 2165 1026 2223; x_wconf 87' lang='lat' dir='ltr'>ut</span> <span class='ocrx_word' id='word_1_150' title='bbox 1038 2159 1077 2222; x_wconf 89' lang='lat' dir='ltr'>de</span> <span class='ocrx_word' id='word_1_151' title='bbox 1088 2160 1185 2223; x_wconf 88' lang='lat' dir='ltr'>salute</span> <span class='ocrx_word' id='word_1_152' title='bbox 1198 2159 1300 2242; x_wconf 89' lang='lat' dir='ltr'>reipu-</span> 
     </span>
     <span class='ocr_line' id='line_1_19' title="bbox 248 2262 1299 2350; baseline 0.005 -25"><span class='ocrx_word' id='word_1_153' title='bbox 248 2262 345 2338; x_wconf 78' lang='lat' dir='ltr'>blicae,</span> <span class='ocrx_word' id='word_1_154' title='bbox 367 2284 403 2326; x_wconf 89' lang='lat' dir='ltr'>ac</span> <span class='ocrx_word' id='word_1_155' title='bbox 426 2265 464 2327; x_wconf 86' lang='lat' dir='ltr'>de</span> <span class='ocrx_word' id='word_1_156' title='bbox 483 2264 701 2348; x_wconf 89' lang='lat' dir='ltr'>parricidarum</span> <span class='ocrx_word' id='word_1_157' title='bbox 718 2262 947 2327; x_wconf 88' lang='lat' dir='ltr'>manifestorum</span> <span class='ocrx_word' id='word_1_158' title='bbox 966 2266 1079 2328; x_wconf 89' lang='lat' dir='ltr'>scelere</span> <span class='ocrx_word' id='word_1_159' title='bbox 1098 2274 1130 2329; x_wconf 88' lang='lat' dir='ltr'>et</span> <span class='ocrx_word' id='word_1_160' title='bbox 1143 2287 1235 2350; x_wconf 90' lang='lat' dir='ltr'>poena</span> <span class='ocrx_word' id='word_1_161' title='bbox 1252 2267 1299 2330; x_wconf 87' lang='lat' dir='ltr'>ita</span> 
     </span>
     <span class='ocr_line' id='line_1_20' title="bbox 249 2369 1298 2454; baseline 0.003 -21"><span class='ocrx_word' id='word_1_162' title='bbox 249 2370 466 2454; x_wconf 87' lang='lat' dir='ltr'>disputaretur,</span> <span class='ocrx_word' id='word_1_163' title='bbox 479 2379 625 2454; x_wconf 88' lang='lat' dir='ltr'>tanquam</span> <span class='ocrx_word' id='word_1_164' title='bbox 637 2371 669 2435; x_wconf 92' lang='lat' dir='ltr'>in</span> <span class='ocrx_word' id='word_1_165' title='bbox 682 2371 785 2434; x_wconf 88' lang='lat' dir='ltr'>schola</span> <span class='ocrx_word' id='word_1_166' title='bbox 793 2371 831 2435; x_wconf 94' lang='lat' dir='ltr'>de</span> <span class='ocrx_word' id='word_1_167' title='bbox 842 2369 936 2434; x_wconf 88' lang='lat' dir='ltr'>animi</span> <span class='ocrx_word' id='word_1_168' title='bbox 944 2370 1185 2448; x_wconf 88' lang='lat' dir='ltr'>immortalitate,</span> <span class='ocrx_word' id='word_1_169' title='bbox 1202 2374 1298 2438; x_wconf 90' lang='lat' dir='ltr'>autin</span> 
     </span>
     <span class='ocr_line' id='line_1_21' title="bbox 248 2477 1320 2570; baseline 0.005 -29"><span class='ocrx_word' id='word_1_170' title='bbox 248 2478 456 2563; x_wconf 85' lang='lat' dir='ltr'>legislatorum</span> <span class='ocrx_word' id='word_1_171' title='bbox 472 2479 598 2544; x_wconf 87' lang='lat' dir='ltr'>concilio</span> <span class='ocrx_word' id='word_1_172' title='bbox 614 2480 652 2542; x_wconf 93' lang='lat' dir='ltr'>de</span> <span class='ocrx_word' id='word_1_173' title='bbox 668 2478 739 2570; x_wconf 82' lang='lat' dir='ltr'>telis</span> <span class='ocrx_word' id='word_1_174' title='bbox 752 2477 934 2561; x_wconf 89' lang='lat' dir='ltr'>quibusdam</span> <span class='ocrx_word' id='word_1_175' title='bbox 954 2478 1135 2543; x_wconf 85' lang='lat' dir='ltr'>militaribus</span> <span class='ocrx_word' id='word_1_176' title='bbox 1148 2499 1184 2543; x_wconf 90' lang='lat' dir='ltr'>ac</span> <span class='ocrx_word' id='word_1_177' title='bbox 1197 2480 1235 2542; x_wconf 89' lang='lat' dir='ltr'>de</span> <span class='ocrx_word' id='word_1_178' title='bbox 1247 2479 1297 2542; x_wconf 92' lang='lat' dir='ltr'>in·</span> <span class='ocrx_word' id='word_1_179' title='bbox 1312 2539 1320 2546; x_wconf 95' lang='lat'>.</span> 
     </span>
     <span class='ocr_line' id='line_1_22' title="bbox 248 2583 1293 2668; baseline -0.001 -20"><span class='ocrx_word' id='word_1_180' title='bbox 248 2584 383 2668; x_wconf 82' lang='lat' dir='ltr'>signibus</span> <span class='ocrx_word' id='word_1_181' title='bbox 414 2587 647 2668; x_wconf 84' lang='lat' dir='ltr'>magistratuum</span> <span class='ocrx_word' id='word_1_182' title='bbox 680 2585 834 2649; x_wconf 88' lang='lat' dir='ltr'>imitandis</span> <span class='ocrx_word' id='word_1_183' title='bbox 865 2585 1016 2651; x_wconf 86' lang='lat' dir='ltr'>sententia</span> <span class='ocrx_word' id='word_1_184' title='bbox 1045 2594 1126 2651; x_wconf 86' lang='lat' dir='ltr'>esset</span> <span class='ocrx_word' id='word_1_185' title='bbox 1146 2583 1293 2659; x_wconf 71' lang='lat' dir='ltr'>,ferenda</span> 
     </span>
     <span class='ocr_line' id='line_1_23' title="bbox 248 2670 1295 2776; baseline 0.004 -24"><span class='ocrx_word' id='word_1_186' title='bbox 248 2690 372 2767; x_wconf 78' lang='lat' dir='ltr'>Quanto</span> <span class='ocrx_word' id='word_1_187' title='bbox 392 2689 491 2773; x_wconf 90' lang='lat' dir='ltr'>magis</span> <span class='ocrx_word' id='word_1_188' title='bbox 515 2670 699 2753; x_wconf 81' lang='lat' dir='ltr'>lentitudine¹</span> <span class='ocrx_word' id='word_1_189' title='bbox 716 2695 748 2752; x_wconf 91' lang='lat' dir='ltr'>et</span> <span class='ocrx_word' id='word_1_190' title='bbox 774 2711 859 2752; x_wconf 88' lang='lat' dir='ltr'>mora</span> <span class='ocrx_word' id='word_1_191' title='bbox 881 2690 933 2754; x_wconf 91' lang='lat' dir='ltr'>illa</span> <span class='ocrx_word' id='word_1_192' title='bbox 958 2700 1129 2775; x_wconf 89' lang='lat' dir='ltr'>opportuna</span> <span class='ocrx_word' id='word_1_193' title='bbox 1154 2690 1295 2776; x_wconf 78' lang='lat' dir='ltr'>profecit,</span> 
     </span>
     <span class='ocr_line' id='line_1_24' title="bbox 248 2794 1314 2882; baseline 0.002 -22"><span class='ocrx_word' id='word_1_194' title='bbox 248 2817 339 2879; x_wconf 91' lang='lat' dir='ltr'>quam</span> <span class='ocrx_word' id='word_1_195' title='bbox 357 2796 407 2860; x_wconf 87' lang='lat' dir='ltr'>alii</span> <span class='ocrx_word' id='word_1_196' title='bbox 423 2798 570 2860; x_wconf 90' lang='lat' dir='ltr'>currendo</span> <span class='ocrx_word' id='word_1_197' title='bbox 583 2794 794 2878; x_wconf 83' lang='lat' dir='ltr'>sudandoqu&#39;el</span> <span class='ocrx_word' id='word_1_198' title='bbox 808 2795 898 2878; x_wconf 83' lang='lat' dir='ltr'>Saepe</span> <span class='ocrx_word' id='word_1_199' title='bbox 909 2797 1032 2879; x_wconf 89' lang='lat' dir='ltr'>quidem</span> <span class='ocrx_word' id='word_1_200' title='bbox 1049 2799 1197 2880; x_wconf 86' lang='lat' dir='ltr'>substitit,</span> <span class='ocrx_word' id='word_1_201' title='bbox 1216 2816 1314 2882; x_wconf 81' lang='lat' dir='ltr'>saepe‘</span> 
     </span>
     <span class='ocr_line' id='line_1_25' title="bbox 248 2901 1297 2989; baseline 0.003 -23"><span class='ocrx_word' id='word_1_202' title='bbox 248 2901 374 2968; x_wconf 83' lang='lat' dir='ltr'>deflexit</span> <span class='ocrx_word' id='word_1_203' title='bbox 397 2925 416 2966; x_wconf 88' lang='lat' dir='ltr'>a</span> <span class='ocrx_word' id='word_1_204' title='bbox 436 2903 487 2966; x_wconf 88' lang='lat' dir='ltr'>via</span> <span class='ocrx_word' id='word_1_205' title='bbox 510 2925 602 2986; x_wconf 88' lang='lat' dir='ltr'>quarn</span> <span class='ocrx_word' id='word_1_206' title='bbox 621 2902 679 2967; x_wconf 89' lang='lat' dir='ltr'>sibi</span> <span class='ocrx_word' id='word_1_207' title='bbox 701 2902 885 2967; x_wconf 87' lang='lat' dir='ltr'>destinatam</span> <span class='ocrx_word' id='word_1_208' title='bbox 902 2923 971 2967; x_wconf 90' lang='lat' dir='ltr'>esse</span> <span class='ocrx_word' id='word_1_209' title='bbox 987 2903 1196 2982; x_wconf 57' lang='lat' dir='ltr'>simulaverat</span> <span class='ocrx_word' id='word_1_210' title='bbox 1214 2925 1297 2989; x_wconf 87' lang='lat' dir='ltr'>saepe</span> 
     </span>
     <span class='ocr_line' id='line_1_26' title="bbox 247 3003 1294 3096; baseline 0 -19"><span class='ocrx_word' id='word_1_211' title='bbox 247 3014 340 3077; x_wconf 87' lang='lat' dir='ltr'>etiarn</span> <span class='ocrx_word' id='word_1_212' title='bbox 355 3012 444 3095; x_wconf 89' lang='lat' dir='ltr'>quasi</span> <span class='ocrx_word' id='word_1_213' title='bbox 457 3012 488 3074; x_wconf 92' lang='lat' dir='ltr'>in</span> <span class='ocrx_word' id='word_1_214' title='bbox 505 3011 686 3095; x_wconf 84' lang='lat' dir='ltr'>quibusdam</span> <span class='ocrx_word' id='word_1_215' title='bbox 704 3010 885 3076; x_wconf 89' lang='lat' dir='ltr'>deversoriis</span> <span class='ocrx_word' id='word_1_216' title='bbox 901 3003 1023 3096; x_wconf 88' lang='lat' dir='ltr'>tempus</span> <span class='ocrx_word' id='word_1_217' title='bbox 1034 3012 1072 3076; x_wconf 90' lang='lat' dir='ltr'>de</span> <span class='ocrx_word' id='word_1_218' title='bbox 1082 3012 1232 3077; x_wconf 86' lang='lat' dir='ltr'>industria</span> <span class='ocrx_word' id='word_1_219' title='bbox 1246 3021 1294 3077; x_wconf 93' lang='lat' dir='ltr'>te-</span> 
     </span>
     <span class='ocr_line' id='line_1_27' title="bbox 246 3120 1297 3208; baseline 0.001 -25"><span class='ocrx_word' id='word_1_220' title='bbox 246 3133 364 3185; x_wconf 84' lang='lat' dir='ltr'>rentem</span> <span class='ocrx_word' id='word_1_221' title='bbox 385 3121 649 3204; x_wconf 85' lang='lat' dir='ltr'>deprehendimus.</span> <span class='ocrx_word' id='word_1_222' title='bbox 670 3120 753 3184; x_wconf 91' lang='lat' dir='ltr'>Dum</span> <span class='ocrx_word' id='word_1_223' title='bbox 769 3129 871 3184; x_wconf 88' lang='lat' dir='ltr'>autem</span> <span class='ocrx_word' id='word_1_224' title='bbox 893 3121 988 3203; x_wconf 79' lang='lat' dir='ltr'>ludit,</span> <span class='ocrx_word' id='word_1_225' title='bbox 1006 3129 1140 3206; x_wconf 68' lang='lat' dir='ltr'>pugnam</span> <span class='ocrx_word' id='word_1_226' title='bbox 1158 3120 1228 3208; x_wconf 88' lang='lat' dir='ltr'>ipsa</span> <span class='ocrx_word' id='word_1_227' title='bbox 1242 3121 1297 3184; x_wconf 89' lang='lat' dir='ltr'>illa</span> 
     </span>
     <span class='ocr_line' id='line_1_28' title="bbox 247 3228 1295 3319; baseline 0.002 -29"><span class='ocrx_word' id='word_1_228' title='bbox 247 3228 363 3291; x_wconf 90' lang='lat' dir='ltr'>incuria</span> <span class='ocrx_word' id='word_1_229' title='bbox 376 3235 408 3291; x_wconf 85' lang='lat' dir='ltr'>et</span> <span class='ocrx_word' id='word_1_230' title='bbox 420 3228 617 3319; x_wconf 83' lang='lat' dir='ltr'>negligentia.</span> <span class='ocrx_word' id='word_1_231' title='bbox 629 3249 728 3311; x_wconf 91' lang='lat' dir='ltr'>neque</span> <span class='ocrx_word' id='word_1_232' title='bbox 740 3248 813 3292; x_wconf 90' lang='lat' dir='ltr'>cura</span> <span class='ocrx_word' id='word_1_233' title='bbox 825 3250 925 3312; x_wconf 89' lang='lat' dir='ltr'>neque</span> <span class='ocrx_word' id='word_1_234' title='bbox 935 3237 1002 3293; x_wconf 89' lang='lat' dir='ltr'>arte</span> <span class='ocrx_word' id='word_1_235' title='bbox 1011 3235 1112 3294; x_wconf 83' lang='lat' dir='ltr'>vacat.</span> <span class='ocrx_word' id='word_1_236' title='bbox 1125 3228 1202 3307; x_wconf 79' lang='lat' dir='ltr'>Quis</span> <span class='ocrx_word' id='word_1_237' title='bbox 1214 3229 1295 3292; x_wconf 86' lang='lat' dir='ltr'>enirn</span> 
     </span>
    </p>
   </div>
   <div class='ocr_carea' id='block_1_6' title="bbox 65 3324 1327 3422">
    <p class='ocr_par' dir='ltr' id='par_1_7' title="bbox 65 3324 1327 3422">
     <span class='ocr_line' id='line_1_29' title="bbox 65 3324 1327 3422; baseline 0.002 -24"><span class='ocrx_word' id='word_1_238' title='bbox 65 3332 70 3341; x_wconf 84' lang='lat'>&#39;</span> <span class='ocrx_word' id='word_1_239' title='bbox 125 3398 128 3405; x_wconf 82' lang='grc'><em>,</em></span> <span class='ocrx_word' id='word_1_240' title='bbox 248 3336 289 3400; x_wconf 89' lang='lat' dir='ltr'>sit</span> <span class='ocrx_word' id='word_1_241' title='bbox 299 3335 376 3399; x_wconf 88' lang='lat' dir='ltr'>adeo</span> <span class='ocrx_word' id='word_1_242' title='bbox 387 3333 606 3418; x_wconf 83' lang='lat' dir='ltr'>suspicionibus</span> <span class='ocrx_word' id='word_1_243' title='bbox 621 3341 652 3397; x_wconf 91' lang='lat' dir='ltr'>et</span> <span class='ocrx_word' id='word_1_244' title='bbox 665 3334 823 3422; x_wconf 87' lang='lat' dir='ltr'>timoribus</span> <span class='ocrx_word' id='word_1_245' title='bbox 839 3335 971 3411; x_wconf 87' lang='lat' dir='ltr'>deditus,</span> <span class='ocrx_word' id='word_1_246' title='bbox 984 3324 1096 3399; x_wconf 85' lang='lat' dir='ltr'>uttam</span> <span class='ocrx_word' id='word_1_247' title='bbox 1111 3337 1227 3401; x_wconf 88' lang='lat' dir='ltr'>lentum</span> <span class='ocrx_word' id='word_1_248' title='bbox 1243 3357 1296 3400; x_wconf 80' lang='lat' dir='ltr'>ne</span> <span class='ocrx_word' id='word_1_249' title='bbox 1324 3349 1327 3356; x_wconf 85' lang='lat'>&#39;</span> 
     </span>
    </p>
   </div>
   <div class='ocr_carea' id='block_1_7' title="bbox 246 3437 1342 3847">
    <p class='ocr_par' dir='ltr' id='par_1_8' title="bbox 246 3437 1342 3847">
     <span class='ocr_line' id='line_1_30' title="bbox 247 3437 1342 3529; baseline 0 -22"><span class='ocrx_word' id='word_1_250' title='bbox 247 3444 472 3529; x_wconf 89' lang='lat' dir='ltr'>gligentemque</span> <span class='ocrx_word' id='word_1_251' title='bbox 493 3441 645 3505; x_wconf 89' lang='lat' dir='ltr'>bominem</span> <span class='ocrx_word' id='word_1_252' title='bbox 670 3448 700 3505; x_wconf 85' lang='lat' dir='ltr'>et</span> <span class='ocrx_word' id='word_1_253' title='bbox 717 3437 873 3525; x_wconf 81' lang='lat' dir='ltr'>festivum,</span> <span class='ocrx_word' id='word_1_254' title='bbox 890 3441 1011 3506; x_wconf 89' lang='lat' dir='ltr'>sceleris</span> <span class='ocrx_word' id='word_1_255' title='bbox 1026 3443 1207 3506; x_wconf 87' lang='lat' dir='ltr'>atrocissimi</span> <span class='ocrx_word' id='word_1_256' title='bbox 1223 3464 1296 3508; x_wconf 90' lang='lat' dir='ltr'>con·</span> <span class='ocrx_word' id='word_1_257' title='bbox 1340 3516 1342 3520; x_wconf 11' lang='grc' dir='ltr'><em>Α</em></span> 
     </span>
     <span class='ocr_line' id='line_1_31' title="bbox 246 3549 1340 3634; baseline -0.002 -20"><span class='ocrx_word' id='word_1_258' title='bbox 246 3550 373 3616; x_wconf 87' lang='lat' dir='ltr'>scientia</span> <span class='ocrx_word' id='word_1_259' title='bbox 385 3549 572 3632; x_wconf 85' lang='lat' dir='ltr'>exagitatum</span> <span class='ocrx_word' id='word_1_260' title='bbox 584 3569 652 3611; x_wconf 85' lang='lat' dir='ltr'>esse</span> <span class='ocrx_word' id='word_1_261' title='bbox 664 3549 779 3623; x_wconf 87' lang='lat' dir='ltr'>credat,</span> <span class='ocrx_word' id='word_1_262' title='bbox 790 3556 885 3632; x_wconf 85' lang='lat' dir='ltr'>utque</span> <span class='ocrx_word' id='word_1_263' title='bbox 895 3550 950 3613; x_wconf 90' lang='lat' dir='ltr'>sub</span> <span class='ocrx_word' id='word_1_264' title='bbox 963 3550 1014 3613; x_wconf 89' lang='lat' dir='ltr'>illa</span> <span class='ocrx_word' id='word_1_265' title='bbox 1025 3556 1089 3617; x_wconf 83' lang='lat' dir='ltr'>tarn</span> <span class='ocrx_word' id='word_1_266' title='bbox 1103 3551 1171 3614; x_wconf 88' lang='lat' dir='ltr'>laeta</span> <span class='ocrx_word' id='word_1_267' title='bbox 1180 3551 1292 3634; x_wconf 85' lang='lat' dir='ltr'>specie,</span> <span class='ocrx_word' id='word_1_268' title='bbox 1338 3554 1340 3559; x_wconf 85' lang='lat'>&#39;</span> 
     </span>
     <span class='ocr_line' id='line_1_32' title="bbox 249 3653 1294 3739; baseline -0.001 -19"><span class='ocrx_word' id='word_1_269' title='bbox 249 3664 313 3720; x_wconf 86' lang='lat' dir='ltr'>tam</span> <span class='ocrx_word' id='word_1_270' title='bbox 327 3663 439 3739; x_wconf 77' lang='lat' dir='ltr'>tetram</span> <span class='ocrx_word' id='word_1_271' title='bbox 452 3654 547 3718; x_wconf 89' lang='lat' dir='ltr'>latere</span> <span class='ocrx_word' id='word_1_272' title='bbox 562 3653 773 3718; x_wconf 85' lang='lat' dir='ltr'>crudelitatem</span> <span class='ocrx_word' id='word_1_273' title='bbox 785 3653 962 3719; x_wconf 76' lang='lat' dir='ltr'>existimati</span> <span class='ocrx_word' id='word_1_274' title='bbox 977 3655 1046 3720; x_wconf 89' lang='lat' dir='ltr'>Nisi</span> <span class='ocrx_word' id='word_1_275' title='bbox 1062 3657 1109 3720; x_wconf 90' lang='lat' dir='ltr'>oui</span> <span class='ocrx_word' id='word_1_276' title='bbox 1131 3654 1208 3720; x_wconf 84' lang='lat' dir='ltr'>forte</span> <span class='ocrx_word' id='word_1_277' title='bbox 1225 3676 1294 3720; x_wconf 88' lang='lat' dir='ltr'>sua-</span> 
     </span>
     <span class='ocr_line' id='line_1_33' title="bbox 248 3760 1293 3847; baseline 0.002 -21"><span class='ocrx_word' id='word_1_278' title='bbox 248 3770 350 3827; x_wconf 89' lang='lat' dir='ltr'>currat</span> <span class='ocrx_word' id='word_1_279' title='bbox 371 3762 451 3845; x_wconf 88' lang='lat' dir='ltr'>quod</span> <span class='ocrx_word' id='word_1_280' title='bbox 470 3761 541 3824; x_wconf 90' lang='lat' dir='ltr'>olim</span> <span class='ocrx_word' id='word_1_281' title='bbox 562 3761 761 3847; x_wconf 84' lang='lat' dir='ltr'>optimatibus</span> <span class='ocrx_word' id='word_1_282' title='bbox 784 3761 864 3825; x_wconf 89' lang='lat' dir='ltr'>illius</span> <span class='ocrx_word' id='word_1_283' title='bbox 889 3760 984 3845; x_wconf 83' lang='lat' dir='ltr'>ipsius</span> <span class='ocrx_word' id='word_1_284' title='bbox 1007 3762 1136 3826; x_wconf 85' lang='lat' dir='ltr'>Caesaris</span> <span class='ocrx_word' id='word_1_285' title='bbox 1163 3771 1293 3828; x_wconf 85' lang='lat' dir='ltr'>mortem</span> 
     </span>
    </p>
   </div>
   <div class='ocr_carea' id='block_1_8' title="bbox 109 3867 1295 3983">
    <p class='ocr_par' dir='ltr' id='par_1_9' title="bbox 109 3867 1295 3983">
     <span class='ocr_line' id='line_1_34' title="bbox 109 3867 1295 3983; baseline 0.005 -52"><span class='ocrx_word' id='word_1_286' title='bbox 109 3909 111 3913; x_wconf 27' lang='grc' dir='ltr'><em>ν</em></span> <span class='ocrx_word' id='word_1_287' title='bbox 137 3878 174 3983; x_wconf 58' lang='lat'><em>21¹3.</em></span> <span class='ocrx_word' id='word_1_288' title='bbox 248 3868 479 3953; x_wconf 85' lang='lat' dir='ltr'>deprecantibus</span> <span class='ocrx_word' id='word_1_289' title='bbox 493 3867 613 3933; x_wconf 88' lang='lat' dir='ltr'>dixerat</span> <span class='ocrx_word' id='word_1_290' title='bbox 626 3868 726 3953; x_wconf 84' lang='lat' dir='ltr'>Sylla,</span> <span class='ocrx_word' id='word_1_291' title='bbox 741 3867 927 3932; x_wconf 88' lang='lat' dir='ltr'>nobilissimo</span> <span class='ocrx_word' id='word_1_292' title='bbox 943 3868 984 3932; x_wconf 89' lang='lat' dir='ltr'>illi</span> <span class='ocrx_word' id='word_1_293' title='bbox 1003 3869 1187 3935; x_wconf 86' lang='lat' dir='ltr'>adolescenti</span> <span class='ocrx_word' id='word_1_294' title='bbox 1202 3880 1295 3955; x_wconf 88' lang='lat' dir='ltr'>atque</span> 
     </span>
    </p>
   </div>
   <div class='ocr_carea' id='block_1_9' title="bbox 249 3973 921 4061">
    <p class='ocr_par' dir='ltr' id='par_1_10' title="bbox 249 3973 921 4061">
     <span class='ocr_line' id='line_1_35' title="bbox 249 3973 921 4061; baseline -0.001 -21"><span class='ocrx_word' id='word_1_295' title='bbox 249 3974 472 4060; x_wconf 83' lang='lat' dir='ltr'>elegantissimo</span> <span class='ocrx_word' id='word_1_296' title='bbox 488 3975 600 4038; x_wconf 90' lang='lat' dir='ltr'>multos</span> <span class='ocrx_word' id='word_1_297' title='bbox 616 3973 732 4039; x_wconf 88' lang='lat' dir='ltr'>Marios</span> <span class='ocrx_word' id='word_1_298' title='bbox 746 3975 845 4038; x_wconf 87' lang='lat' dir='ltr'>inesse</span> <span class='ocrx_word' id='word_1_299' title='bbox 860 3973 921 4061; x_wconf 77' lang='lat'>[1]</span> 
     </span>
    </p>
   </div>
   <div class='ocr_carea' id='block_1_10' title="bbox 177 4227 1294 4400">
    <p class='ocr_par' dir='ltr' id='par_1_11' title="bbox 177 4227 1294 4400">
     <span class='ocr_line' id='line_1_36' title="bbox 283 4227 1294 4305; baseline -0.006 -15"><span class='ocrx_word' id='word_1_300' title='bbox 283 4241 316 4303; x_wconf 80' lang='lat'>(1)</span> <span class='ocrx_word' id='word_1_301' title='bbox 334 4241 401 4291; x_wconf 88' lang='lat' dir='ltr'>Suet.</span> <span class='ocrx_word' id='word_1_302' title='bbox 420 4238 481 4288; x_wconf 78' lang='lat' dir='ltr'>eas,</span> <span class='ocrx_word' id='word_1_303' title='bbox 500 4238 523 4287; x_wconf 86' lang='lat' dir='ltr'>l.</span> <span class='ocrx_word' id='word_1_304' title='bbox 547 4235 612 4286; x_wconf 88' lang='lat' dir='ltr'>Idem</span> <span class='ocrx_word' id='word_1_305' title='bbox 624 4235 695 4285; x_wconf 84' lang='lat' dir='ltr'>eliam</span> <span class='ocrx_word' id='word_1_306' title='bbox 707 4235 821 4302; x_wconf 83' lang='lat' dir='ltr'>Pompeio</span> <span class='ocrx_word' id='word_1_307' title='bbox 842 4235 927 4287; x_wconf 82' lang='lat' dir='ltr'>dixisse</span> <span class='ocrx_word' id='word_1_308' title='bbox 940 4235 1032 4287; x_wconf 85' lang='lat' dir='ltr'>ridetur</span> <span class='ocrx_word' id='word_1_309' title='bbox 1048 4236 1131 4305; x_wconf 71' lang='lat' dir='ltr'>Syllae</span> <span class='ocrx_word' id='word_1_310' title='bbox 1149 4256 1163 4284; x_wconf 79' lang='lat' dir='ltr'>rr</span> <span class='ocrx_word' id='word_1_311' title='bbox 1174 4239 1237 4290; x_wconf 81' lang='lat' dir='ltr'>Cara</span> <span class='ocrx_word' id='word_1_312' title='bbox 1251 4227 1294 4292; x_wconf 74' lang='lat' dir='ltr'>tibi</span> 
     </span>
     <span class='ocr_line' id='line_1_37' title="bbox 177 4325 825 4400; baseline -0.011 -16"><span class='ocrx_word' id='word_1_313' title='bbox 177 4327 180 4332; x_wconf 78' lang='grc'>’</span> <span class='ocrx_word' id='word_1_314' title='bbox 248 4329 316 4384; x_wconf 84' lang='lat' dir='ltr'>illurn</span> <span class='ocrx_word' id='word_1_315' title='bbox 328 4343 431 4400; x_wconf 83' lang='lat' dir='ltr'>puerum</span> <span class='ocrx_word' id='word_1_316' title='bbox 444 4327 506 4378; x_wconf 83' lang='lat' dir='ltr'>male</span> <span class='ocrx_word' id='word_1_317' title='bbox 518 4325 703 4397; x_wconf 82' lang='lat' dir='ltr'>praecinctum.»</span> <span class='ocrx_word' id='word_1_318' title='bbox 719 4325 825 4378; x_wconf 85' lang='lat' dir='ltr'>Macrob.</span> 
     </span>
    </p>
   </div>
   <div class='ocr_carea' id='block_1_11' title="bbox 0 0 1370 4966">
    <p class='ocr_par' dir='ltr' id='par_1_12' title="bbox 0 0 1370 4966">
     <span class='ocr_line' id='line_1_38' title="bbox 0 0 1370 4966; baseline 0 1"><span class='ocrx_word' id='word_1_319' title='bbox 0 0 1370 4966; x_wconf 95' lang='lat' dir='ltr'> </span> 
     </span>
    </p>
   </div>
  </div>
 </body>
</html>
