2730 4966
492 361 669 424 ..39-

57 520 163 564 norum
178 506 250 566 ante
268 490 475 567 Pharsalicam
490 504 607 567 cladem
626 504 860 580 confidentiam,
880 507 1103 590 arrogantiam,

59 607 245 684 vanitatem,
264 609 400 673 crudeles
420 631 507 693 spes,
525 630 696 694 manusque
714 611 745 673 in
759 611 869 675 civium
887 631 1010 676 suorum
1027 615 1108 678 bona

56 721 88 777 et
101 713 208 778 domos
218 722 249 778 et
261 715 390 779 honores
406 723 571 800 porrectas.
589 718 690 796 Quam
703 718 835 802 gaudet,
849 721 1102 802 quamcxsultat,

57 842 150 904 quum
165 823 193 884 ei
212 822 282 886 licet
302 823 444 888 inducere
464 824 654 901 Domitium,
676 825 870 909 Scipionem,
888 825 1056 891 Lentulum
1067 826 1106 890 de

56 928 226 992 sacerdotio
239 928 369 994 Caesaris
381 929 446 1014 jam
463 933 699 1007 contendentes,
722 939 753 996 et
768 933 809 1015 ad
825 932 1022 1015 gravissimas
1035 954 1113 997 vers

55 1036 378 1100 borum-contumelias
398 1037 583 1120 quotidianis
603 1038 846 1103 contentionibus
864 1039 1102 1105 descendentes!

59 1141 160 1219 Quam
175 1143 276 1205 vivide
288 1129 436 1226 tanquam
452 1142 590 1207 extrema
601 1144 1004 1228 lineamentapulcberrimae
1015 1146 1106 1213 affert

56 1249 197 1332 picturae,
216 1272 309 1333 quum
327 1251 392 1315 haee
406 1252 511 1324 addit:
532 1281 544 1303 ιι
563 1253 723 1316 Postremo
737 1274 842 1316 omnes
859 1259 913 1317 aut
928 1255 966 1316 de
981 1253 1107 1318 honori·

62 1387 74 1410 ι
92 1360 149 1421 bus
163 1360 241 1435 suis,
256 1357 310 1424 aut
324 1361 362 1423 de
378 1361 510 1442 praemiis
526 1361 676 1443 pecunia,
696 1369 749 1426 aut
766 1362 805 1424 de
816 1363 1032 1446 persequendis
1046 1363 1106 1424 ini-

61 1494 73 1516 ιι
92 1465 181 1528 micis
195 1468 338 1550 agebant.
354 1468 422 1531 Nec
436 1468 546 1550 quibus
559 1467 725 1549 rationibus
739 1488 884 1551 superare
900 1477 1041 1551 possent,
1051 1470 1106 1532 sed
1129 1516 1132 1521 -

61 1600 74 1625 ιι
93 1574 348 1656 quemadmodum
362 1574 407 1637 uti
421 1573 551 1638 victoria
562 1576 717 1648 deberent,
730 1575 906 1658 cogitabant
916 1573 967 1657 ll).
988 1607 1000 1628 ιι
1020 1576 1105 1639 Num
1142 1636 1149 1645 ,

56 1678 114 1742 fuit
127 1700 261 1762 unquam
274 1675 329 1743 aut
343 1680 453 1743 mimus
464 1670 518 1744 aut
528 1681 675 1756 comedia,
694 1681 744 1744 ubi
759 1689 791 1744 et
804 1681 986 1765 cupiditates
1001 1668 1102 1767 cujus-

57 1807 116 1870 que
132 1792 165 1850 et
176 1786 262 1861 vitia,
278 1807 379 1850 mores
396 1807 432 1850 ac
443 1787 557 1871 vultus
571 1786 733 1870 jucundius
745 1794 798 1851 aut
809 1787 939 1850 vividius
954 1789 1106 1871 exprime-

56 1894 179 1957 renturf
194 1894 359 1958 Fateamur
371 1914 442 1978 ergo
450 1894 568 1956 nullum
580 1892 643 1956 fere
656 1892 770 1957 Caesari
784 1893 915 1958 defuisse
928 1892 1104 1958 facetiarum

56 2022 162 2084 genus,
179 2000 294 2066 nullum
309 2002 460 2084 leporem,
478 2002 593 2064 nullam
608 2009 811 2066 venustatem.

100 2108 164 2171 Iter
184 2108 281 2172 adhuc
295 2107 456 2170 habuimus
469 2114 567 2170 tutum
589 2115 621 2170 et
637 2107 786 2189 proclive;
811 2108 913 2170 omnia
932 2109 1011 2170 enim
1026 2098 1106 2195 inter

56 2235 89 2279 se
105 2214 335 2279 consentiebant
355 2220 387 2277 et
406 2214 492 2298 quasi
509 2214 701 2278 cohaerebant
716 2214 899 2287 testimonia,
915 2222 950 2278 ut
962 2215 1037 2278 alius
1055 2216 1106 2279 alii

56 2322 172 2384 aditum
187 2323 284 2386 daret.
302 2301 383 2386 Ecce
400 2299 502 2386 autem
518 2323 577 2386 duo
593 2313 788 2400 Quinctiliani
802 2322 961 2406 Tacitique
973 2323 1104 2406 judicia,

56 2428 167 2492 mirum
179 2428 211 2491 in
224 2430 345 2492 modum
361 2429 439 2492 inter
450 2449 483 2491 se
494 2427 706 2511 repugnantia,
725 2449 792 2511 quae
804 2449 864 2510 quo
879 2429 1020 2491 modoad
1036 2450 1105 2493 enn-

55 2534 189 2610 cordiam
202 2533 296 2620 redigi
308 2534 426 2618 possint
442 2555 502 2596 non
512 2534 612 2596 video.
628 2533 835 2611 Quamobrem
847 2534 886 2597 ad
901 2540 943 2608 te,
959 2534 1058 2616 inquit
1073 2537 1104 2601 in
1135 2590 1138 2595 ⁴
1165 2606 1172 2613 ⁸

54 2641 218 2704 AEmilium
235 2662 416 2715 conversus,
437 2639 588 2725 confugio.
605 2640 684 2702 Rem
703 2661 823 2725 omnem
843 2641 937 2725 igitur
953 2643 1101 2706 attende:

59 2777 73 2802 ιι
92 2747 158 2811 Nec
180 2746 259 2811 forte
278 2749 459 2830 quisquam,
482 2746 527 2809 ait
542 2747 685 2829 Tacitus,
709 2754 762 2809 aut
782 2726 912 2835 Caesaris
932 2769 986 2829 pro
1008 2749 1104 2812 Decio

60 2884 72 2908 ιι
95 2854 245 2936 Samnite,
262 2861 316 2931 aut
332 2853 421 2918 Bruti
435 2843 577 2939 proroga
591 2854 752 2939 Dejotaro,
766 2860 953 2937 caeterosque
968 2855 1103 2940 ejusdem

60 2991 74 3016 ιι
92 2960 282 3025 lentitudinis
304 2981 340 3024 ac
363 2959 477 3042 teporis
496 2960 588 3022 libros
609 2958 684 3044 legit
707 2957 782 3047 (2).
805 2992 817 3014 ιι
836 2960 972 3024 Videsne
990 2942 1104 3044 teporis

56 3090 93 3134 ac
107 3067 296 3157 lentitudinis
317 3066 506 3141 insimulari,
533 3087 624 3149 quem
646 3067 736 3148 paulo
759 3073 831 3130 ante
849 3065 995 3130 Camillus
1014 3089 1104 3131 cursu

56 3197 167 3260 magno
179 3174 261 3251 ferri,
280 3173 409 3238 turbinis
426 3173 534 3247 instar,
551 3172 693 3236 dicebatl
712 3173 776 3237 Ista
792 3174 914 3256 quidem
929 3174 1102 3257 loquentem

56 3303 124 3346 curn
134 3282 256 3365 Aprum
264 3278 418 3344 induxerit
427 3279 563 3356 Tacitus
577 3279 777 3344 recentiorum
786 3286 940 3345 oratorum
951 3279 1100 3345 fautorem

55 3410 92 3453 ac
106 3395 269 3473 patronum
285 3367 484 3469 veterumque
497 3393 749 3469 contemptorem,
767 3398 827 3450 iton
845 3387 967 3449 omnino
982 3387 1057 3449 fides
1072 3388 1100 3450 ei

56 3502 105 3558 est
118 3495 300 3558 adhibenda.
317 3493 381 3556 Sed
396 3513 501 3555 rursus
515 3491 636 3555 cuinam
655 3493 695 3554 ad
707 3492 894 3574 pervidenda
905 3490 982 3554 vitia
997 3500 1101 3555 nostra

55 3601 203 3665 subtiliori
216 3600 281 3664 acie
293 3598 370 3662 oculi
381 3606 465 3675 sunt,
479 3618 571 3680 quam
583 3596 711 3662 inimicis
723 3607 776 3662 aot
789 3598 923 3662 aemulisl
936 3597 996 3676 Qui
1009 3619 1102 3681 quana
1139 3586 1147 3594 ’

55 3729 149 3792 quam
163 3729 200 3772 ea
210 3705 274 3796 fere
285 3706 315 3769 iu
329 3707 428 3791 majus
441 3705 592 3768 extollunt
606 3704 715 3788 quibus
732 3705 832 3787 reipsa
842 3706 1026 3779 laboramus,
1041 3725 1100 3767 non

55 3803 158 3880 tumen
170 3825 207 3878 ea
221 3813 308 3877 nobis
319 3812 491 3896 objicienda
507 3811 621 3894 eligunt
637 3833 765 3893 quorum
780 3811 902 3874 omnino
919 3833 1025 3875 sumus
1040 3811 1101 3874 im-

53 3941 173 3986 munes.
190 3921 323 3984 Lentum
335 3919 428 4003 igitur
443 3914 512 3983 eum
526 3938 560 3980 ac
577 3917 711 4001 tepidum
727 3939 882 4002 nunquam
894 3919 980 4001 Aper
992 3938 1101 3981 vocare

55 4027 259 4104 sustinuisset,
274 4026 300 4090 si
315 4033 402 4090 tanto
417 4031 519 4088 rueret
531 4024 648 4107 impetu
662 4031 697 4088 ut
712 4024 836 4088 fervidis
848 4025 935 4109 quasi
952 4025 1024 4087 rotis
1035 4044 1104 4090 cur-.

54 4113 181 4200 riculum
198 4134 380 4198 incenderet.
399 4133 478 4196 Eam
499 4131 592 4216 igitur
610 4131 784 4214 opinionem
805 4139 836 4196 et
855 4132 962 4196 Tacito
985 4138 1016 4195 et
1035 4132 1099 4216 ejus

90 4371 123 4443 (l)
140 4375 201 4425 cas.
212 4377 249 4423 De
257 4372 319 4423 Bell.
331 4372 382 4424 Cir.
397 4375 419 4435 ³,
430 4372 502 4420 aaa.
511 4394 545 4408 -
559 4369 592 4434 (2)
602 4368 660 4418 'rao
670 4371 713 4422 Or.
723 4370 759 4419 21.
