2730 4966
662 334 832 400 „w-

231 501 245 530 u
264 474 345 558 regis
357 474 389 538 Ν
391 472 545 550 icomediS,
558 473 606 537 vel
620 493 675 555 pro
689 472 794 536 horum
811 471 993 535 necessitate
1004 492 1130 554 quorum
1144 493 1193 536 res
1205 474 1270 558 agi·
1336 549 1353 560 δ

230 609 244 636 a
264 588 324 658 tur,
344 579 486 665 defugere
498 580 556 644 hoc
568 600 688 654 manue,
703 579 748 643 M.
761 579 819 653 V.,
832 599 892 641 non
903 577 1000 662 potui.
1010 579 1093 642 Nam
1109 600 1208 662 neque
1223 581 1271 642 ho-

228 717 244 746 «
263 689 377 753 minum
390 697 488 751 morte
499 687 645 750 memoria
657 686 748 749 deleri
761 687 861 758 debet,
875 687 946 769 quin
957 707 976 750 a
986 686 1134 768 proximis
1146 688 1272 750 retinea-

230 825 243 849 α
261 802 321 870 tur;
331 814 430 878 neque
438 794 635 858 clientessine
646 791 898 856 summainfamia
908 792 1004 855 deseri
1013 801 1152 875 possunt,
1163 794 1272 876 quibus

229 933 242 957 u
262 902 354 967 etiam
371 925 390 965 a
405 901 583 986 propinquis
597 902 710 964 nostris
726 922 814 983 opem
832 899 909 963 terre
925 900 1113 964 instituimus
1129 900 1179 985 ll).
1199 933 1211 954 n
1231 902 1272 965 Et

223 1009 280 1074 hoo
293 1030 333 1072 ex
347 1008 476 1074 Caesaris
492 1009 641 1087 oratione,
658 1030 718 1092 qua
733 1008 883 1072 Plautiam
898 1007 1083 1092 rogationem
1096 1007 1203 1088 suasit,
1216 1030 1270 1071 ex-

223 1122 359 1200 cerptum
377 1125 424 1182 est
440 1142 446 1180 :
470 1146 483 1171 α
504 1116 655 1200 Equidem
670 1115 744 1179 mihi
760 1115 864 1178 videor
879 1136 934 1199 pro
948 1123 1053 1192 nostra
1068 1115 1267 1190 necessitate,

227 1251 241 1278 a
259 1243 319 1286 non
333 1223 446 1298 labore,
464 1245 524 1286 non
540 1243 644 1306 opera,
659 1244 718 1286 non
733 1221 881 1285 industria
894 1219 1026 1284 defuisse
1043 1221 1096 1306 (2).
1113 1254 1125 1275 n

209 1348 212 1353 ·
266 1329 348 1394 Νιιιιι
360 1329 408 1392 hic
417 1329 509 1415 igitur
517 1329 655 1414 angustis
666 1328 801 1392 terminis
810 1320 926 1393 inclusa
938 1335 986 1392 est
996 1334 1027 1392 et
1037 1334 1192 1393 coarctata
1201 1350 1271 1392 sen·

221 1437 337 1502 tential
350 1437 461 1500 Nonne
476 1445 582 1500 contra
594 1437 681 1521 quasi
694 1437 821 1499 liberum
843 1435 874 1499 in
888 1456 1028 1518 campum
1042 1435 1131 1519 longe
1148 1436 1271 1519 lateque

222 1528 413 1628 exspatiatur
428 1545 526 1608 oratio
544 1544 602 1632 (alt
618 1545 728 1610 Tribus
743 1550 826 1608 certe
839 1543 951 1618 verbis,
971 1564 1075 1627 opera,
1094 1542 1208 1622 labore,
1226 1545 1272 1605 in-

221 1653 353 1728 dustria,
365 1673 428 1716 rem
441 1653 580 1715 eamdem
592 1651 773 1735 significare,
786 1650 909 1714 minime
920 1659 967 1716 est
976 1649 1178 1733 imperatoriae
1191 1650 1272 1715 illius

221 1759 392 1824 brevitatis
409 1758 520 1821 Nonne
535 1756 638 1821 Caesar
656 1778 777 1840 quoque
793 1756 914 1820 videtur
928 1755 1096 1819 aestimasse
1111 1756 1269 1820 obseratas

221 1866 399 1950 plerumque
411 1884 477 1927 esse
493 1872 525 1927 et
539 1865 647 1928 surdas
660 1864 743 1947 vulgi
761 1884 863 1945 aures,
878 1863 1006 1944 ideoque
1019 1871 1065 1926 ter
1077 1869 1132 1927 aut
1140 1863 1272 1946 amplius

220 1972 287 2039 illas
308 1971 476 2035 animorum
500 1970 588 2054 quasi
604 1971 711 2056 januas
730 1970 901 2034 tundendas
917 1990 1000 2043 esse,
1021 1976 1055 2032 ut
1077 1969 1269 2051 aperiantur!
1335 1963 1337 1967 ’

218 2080 253 2147 N
254 2101 332 2143 orme
346 2080 411 2144 haec
422 2088 470 2142 est
480 2098 573 2142 causa
584 2099 636 2142 cur
650 2086 712 2143 tam
723 2099 816 2162 sape,
831 2078 913 2161 quod
922 2085 955 2141 tu
971 2075 1062 2139 modo
1076 2076 1270 2140 animadver-

221 2187 319 2260 tebas,
332 2187 402 2248 belli
416 2185 513 2248 civilis
526 2205 646 2259 causas,
662 2193 806 2269 tanquam
823 2183 1013 2247 consiliorum
1024 2205 1146 2251 suorum
1161 2183 1269 2248 defen·
1340 2252 1341 2255 ,

220 2291 349 2372 sionem,
360 2291 390 2353 in
401 2271 645 2355 Commentarios
654 2290 808 2354 retuleritl
820 2290 930 2373 Neque
941 2291 1015 2354 illud
1025 2290 1117 2376 igitur
1127 2291 1268 2357 callidum

219 2395 327 2463 fefellit
342 2399 459 2476 virum,
483 2419 582 2483 neque
598 2399 696 2483 magis
711 2406 857 2482 quantum
877 2398 999 2462 auribus
1020 2398 1190 2463 blandiatur
1205 2407 1269 2464 tum

204 2506 304 2571 ‘vocis
317 2507 465 2590 suavitas,
478 2513 542 2571 tum
556 2506 724 2591 prasertim
734 2527 928 2571 numerorum
942 2505 1085 2570 concinne
1096 2507 1270 2570 cadentium

219 2612 404 2687 modulatim
417 2619 564 2694 quantum
579 2613 690 2675 mentis
699 2613 803 2676 oculos
813 2612 916 2696 capiat
925 2620 1018 2696 atque
1027 2613 1162 2676 detineat
1171 2615 1270 2696 splen·

217 2720 291 2785 dida
302 2719 454 2802 quaedam,
466 2728 499 2783 et
516 2720 617 2783 verbis
627 2728 699 2802 apte
713 2719 868 2783 translatis
879 2719 1042 2796 illustrata,
1057 2728 1088 2784 et
1100 2722 1194 2785 variis
1206 2741 1270 2785 sen-

217 2825 653 2910 tentiarumluminibus,quasi
665 2826 899 2910 stellis‚pictaet
909 2825 1167 2902 distinctaoratio;
1176 2849 1269 2911 quam

217 2933 350 3020 denique
363 2942 481 3018 aperta,
497 2956 589 3018 quam
603 2935 719 2999 munita
731 2937 770 2998 ad
786 2934 1028 3017 persuadendum
1045 2935 1095 2998 via
1108 2956 1162 3018 per
1174 2935 1270 2999 delec-

218 3042 366 3108 tationem
378 3048 494 3126 pateat.
510 3043 575 3107 Ista
592 3042 684 3125 igitur
695 3041 797 3105 omnia
812 3041 967 3127 negligere
984 3063 1082 3124 neque
1099 3042 1201 3125 gravis
1214 3065 1269 3108 ne·

220 3171 280 3235 que
295 3149 479 3234 magnanimi
496 3149 563 3224 viri,
581 3158 616 3212 ut
632 3158 665 3213 tu
682 3149 737 3213 tibi
752 3149 852 3233 fingis,
867 3149 922 3214 sed
939 3148 1039 3231 potius
1053 3150 1205 3216 dementis
1219 3172 1270 3216 cu-

217 3255 339 3343 jusdam
354 3254 458 3318 militis
472 3262 569 3328 esset,
594 3255 659 3317 sine
671 3255 759 3338 galea
774 3267 806 3319 et
822 3255 923 3338 gladio
937 3256 976 3318 ad
994 3277 1124 3340 pugnam
1141 3257 1265 3321 ruentis.

220 3365 321 3430 Tanta
338 3361 431 3448 igitur
448 3361 590 3425 vecordia
607 3361 760 3426 Caesarem
783 3361 865 3424 illum
881 3360 975 3425 fuisse
991 3364 1058 3444 quis
1073 3363 1199 3432 credat‘l
1218 3364 1270 3428 Ab

219 3471 271 3536 illa
282 3469 416 3554 profecto
429 3476 547 3534 tantum
560 3468 667 3543 abfuit,
683 3478 717 3532 ut
726 3469 794 3552 ipsa
804 3470 870 3554 ejus
884 3468 931 3532 vis
945 3470 983 3533 de
996 3478 1131 3552 quotam
1145 3471 1270 3555 pulchra

219 3587 345 3663 tamque
358 3588 440 3642 recta
454 3587 487 3641 tu
498 3579 587 3640 modo
600 3577 782 3652 disseruisti,
799 3598 858 3639 non
869 3575 967 3660 magis
978 3579 1016 3641 ab
1028 3579 1161 3662 antiquis
1171 3582 1268 3662 scrip·
1303 3557 1306 3564 A

219 3686 336 3751 toribus
350 3705 442 3768 quarn
455 3686 520 3770 ejus
535 3684 677 3767 splendor
694 3684 735 3748 sit
747 3684 910 3750 celebrata.
927 3685 1035 3768 ltaque
1047 3684 1185 3761 Tacitus,
1200 3707 1269 3750 cum

219 3793 299 3856 inter
308 3814 342 3855 se
351 3790 487 3856 conferre
499 3791 592 3856 vellet
603 3792 715 3856 multos
725 3792 860 3878 ejusdem
872 3791 973 3857 etatis
982 3799 1128 3867 oratores,
1140 3793 1270 3856 etunius

220 3902 368 3986 cujusque
386 3899 503 3962 dicendi
516 3920 611 3985 genus
622 3900 745 3985 propria
762 3900 895 3983 quadam
912 3906 943 3963 et
958 3899 1101 3983 peculiari
1114 3900 1203 3965 laude
1219 3922 1270 3964 no

260 4167 795 4259 pmmmammmnomma

148 4315 150 4320 .
260 4279 292 4348 (3)
305 4279 376 4330 Haud
386 4279 453 4329 aliter·
463 4286 579 4345 Augusto,
590 4293 661 4343 quem
670 4277 779 4326 sedulum
788 4275 860 4327 tuisse
867 4274 966 4327 Caesaris
972 4273 1115 4326 imitatorem
1124 4273 1268 4340 notavimus,

158 4443 164 4454 1
227 4391 241 4447 p
255 4375 368 4452 l’wmpla
379 4386 406 4418 ac
415 4368 545 4452 profluens,
558 4383 611 4439 quae
620 4366 713 4420 deceret
724 4364 864 4447 principem,
875 4363 1010 4446 eloquentia
1019 4363 1073 4420 tuit.
1084 4387 1098 4414 »ι
1109 4369 1167 4425 Tac.
1178 4367 1215 4440 1³,
1227 4369 1249 4422 Β.
