2730 4966
592 382 630 395 ..
655 346 700 410 23
723 380 766 394 ..

154 491 324 574 splendore‚
340 488 467 552 militum
481 509 603 552 suorum
616 491 718 554 oculos
730 487 921 587 perstrinxit.
932 486 1036 573 Magis
1047 495 1151 552 autem
1165 490 1205 552 ad

154 597 282 682 gloriam
308 595 482 678 famamque
498 596 579 679 apud
597 605 736 678 posteros
756 593 945 679 profuturum
961 595 1017 658 sibi
1038 595 1207 659 arbitratus

154 715 213 782 est,
225 704 325 788 legum
339 724 372 766 se
384 711 638 786 propugnatorem
654 712 685 767 et
701 702 864 766 tribunitia
876 701 1039 786 potestatis
1053 702 1206 766 vindicem

1 802 2 809 ἵ
94 842 96 847 ·
155 811 268 883 haberi,
287 831 377 892 quam
394 809 570 892 praedonum
586 810 625 873 ad
638 810 772 892 praedam
790 810 941 873 ruentium
956 809 1066 873 ducem
1082 807 1135 893 (ll.

199 916 381 999 Quanquam
398 916 500 978 omnia
515 915 626 979 referre
645 939 744 1000 neque
763 937 906 1000 possum,
925 935 1042 999 neque,
1066 935 1106 978 ne
1122 914 1208 985 vobis

154 1022 276 1087 taedium
286 1043 438 1095 moveam,
452 1023 535 1103 volo,
548 1043 665 1106 nequeo
675 1033 778 1086 tamen
791 1022 1024 1107 praetermittere
1035 1021 1207 1084 orationem

155 1128 194 1192 ad
203 1127 363 1191 Afranium
373 1129 425 1213 (2).
438 1129 509 1192 Hoc
522 1128 601 1192 enim
613 1129 920 1215 estineasingulare,
931 1127 1046 1211 quodsi
1058 1149 1152 1191 unum
1166 1128 1206 1190 ad

155 1233 317 1298 Afranium
333 1243 466 1317 spectet,
484 1232 556 1298 nillil
572 1256 706 1318 unquam
721 1236 871 1310 inutilius,
891 1235 965 1298 nihil
976 1235 1097 1298 inanius
1111 1234 1207 1318 possit

158 1342 340 1426 excogitari.
355 1343 433 1406 Cum
448 1342 528 1405 enim
546 1342 596 1405 ille
612 1343 725 1407 victum
742 1364 774 1406 se
790 1343 923 1407 fateatur
937 1350 969 1407 et
983 1343 1023 1407 ad
1039 1341 1207 1417 misericor-

155 1448 238 1511 diam
253 1448 379 1513 victoris
390 1447 555 1533 confugiat,
570 1449 618 1512 hio
631 1450 735 1512 mitem
749 1471 781 1511 se
794 1458 825 1514 et
836 1448 1060 1513 misericordem
1072 1449 1207 1533 praebere

155 1555 335 1632 decreverit,
349 1556 417 1644 quis
430 1556 513 1620 locus
523 1565 571 1620 est
581 1556 780 1640 eloquentiael
796 1556 878 1635 Quid
890 1564 998 1631 restat,
1015 1555 1076 1619 nisi
1085 1562 1123 1619 ut
1133 1576 1206 1620 con·

155 1663 286 1727 ditiones
300 1662 384 1746 pacis
399 1663 494 1727 victor
506 1664 606 1735 dicat,
624 1663 722 1727 victus
736 1663 882 1747 accipiatt
901 1662 978 1727 Cum
993 1670 1096 1726 autem
1112 1663 1209 1731 ooll0-.

156 1769 1205 1852 quiumaudiatuterqueexercitus‚noncommittetCaesurutcausam

155 1895 242 1938 suam
259 1875 369 1959 agendi
393 1877 475 1958 apud
498 1876 596 1940 victos
617 1883 731 1940 terrore
755 1883 786 1940 et
812 1877 1013 1940 admiratione
1028 1878 1202 1962 perculsos,

156 1983 236 2066 apud
248 1982 380 2047 victores
394 1983 490 2068 gloria
504 1990 536 2048 et
547 2005 650 2048 amore
660 1984 860 2059 exsultantes
873 1984 1107 2068 pulcherrimam
1121 2005 1207 2049 occa-

156 2090 271 2154 sionem
294 2090 519 2174 praetermittat.
546 2093 630 2178 Ergo
653 2093 796 2156 simulata
817 2093 848 2156 in
874 2090 1036 2156 Afranium
1062 2090 1126 2168 ira,
1151 2093 1205 2154 sub

155 2194 362 2259 insectationis
377 2198 477 2279 specie
491 2200 666 2280 aequitatem
681 2221 768 2263 suam
780 2208 813 2263 at
829 2198 1079 2282 misericordiam,
1097 2199 1206 2261 mode-

156 2300 247 2363 stiam
259 2310 291 2364 et
301 2302 475 2366 comitatem
484 2304 598 2387 jactat;
610 2304 719 2367 deinde
729 2326 768 2367 ex
779 2305 908 2368 adversa
919 2314 1006 2389 parte
1015 2305 1204 2369 inimicorum

156 2407 188 2472 in
204 2431 237 2472 se
253 2408 389 2497 injuriae,
409 2409 522 2489 minas,
539 2420 706 2496 apparatus
721 2413 846 2488 evolvit,
865 2422 896 2476 et
912 2412 1058 2476 inusitata
1072 2414 1205 2496 quadam

156 2517 246 2600 copia
269 2518 387 2581 dicendi
408 2518 584 2601 amplificat.
611 2520 688 2597 Quae
711 2519 830 2598 omnia,
848 2518 1068 2603 quamvisjam
1093 2520 1205 2583 dudum

157 2622 238 2685 lraud
250 2624 341 2684 semel
355 2613 538 2705 scripsitset,
554 2645 710 2706 nunquam
726 2626 801 2688 satis
816 2626 914 2688 audiri
929 2646 965 2688 ac
980 2624 1139 2710 legiposse
1155 2647 1204 2690 ra-

156 2735 218 2804 tus,
237 2729 346 2791 iterum
361 2730 390 2790 in
407 2729 652 2795 Commentarios
670 2730 826 2796 referenda
840 2733 969 2796 curavit.

201 2837 279 2901 Haec
293 2837 385 2922 igitur
402 2839 432 2901 in
451 2839 624 2922 eloquentia
643 2839 789 2914 (laseris,
808 2840 928 2923 qualem
952 2841 982 2903 in
1002 2840 1068 2924 ejus
1082 2840 1205 2925 scriptis

157 2955 358 3029 quaeexstant
368 2946 516 3021 videmus,
528 2945 719 3028 potissimum
728 2947 999 3011 animadvertenda
1007 2969 1129 3013 censeo:
1142 2949 1205 3013 vim

157 3053 275 3117 dicendi
290 3062 321 3117 et
337 3052 491 3138 cogitandi
505 3075 675 3130 summam,
701 3053 732 3117 in
748 3055 961 3136 permovendis
979 3054 1207 3140 mutuandisque
1231 3115 1233 3118 .

157 3159 267 3223 animis
282 3160 478 3224 calliditatem
492 3170 523 3224 et
536 3161 690 3225 solertiam
704 3161 906 3247 singularem,
922 3162 1089 3226 orationem
1104 3173 1206 3226 autem

157 3265 289 3330 sobriam
313 3277 345 3330 et
367 3287 523 3343 severam,
555 3290 675 3331 omnem
692 3269 804 3332 fastum
827 3280 857 3334 et
876 3263 1016 3334 ornatum
1040 3292 1208 3355 omnesque

158 3371 281 3438 delicias
301 3380 516 3458 spernentem,
540 3373 640 3437 lucida
661 3384 780 3438 tantum
802 3377 1012 3458 splendentem
1034 3378 1204 3456 brevitate,

157 3481 279 3565 qualem
295 3482 426 3565 denique
443 3482 554 3544 habere.
568 3483 783 3564 imperatorem
799 3492 830 3546 et
845 3483 1025 3548 dictatorem
1042 3485 1152 3549 decuit.

202 3627 245 3639 —
255 3590 414 3665 Praeclare,
427 3588 526 3672 inquit
535 3588 690 3665 Valerius
703 3589 740 3652 de
752 3588 880 3654 Caesaris
890 3591 920 3655 vi
931 3591 1101 3657 disseruisti
1111 3616 1118 3667 ;
1128 3614 1209 3656 nova

157 3695 249 3758 etiam
266 3703 297 3759 et
310 3695 475 3772 recondita,
493 3695 530 3758 de
543 3698 607 3782 ejus
616 3695 646 3758 in
659 3695 769 3760 animis
780 3696 934 3761 hominum
945 3697 1105 3763 flectendis
1122 3699 1208 3763 calli·

158 3801 266 3880 ditate,
284 3802 315 3864 in
327 3800 562 3866 Commentariis
578 3803 731 3867 invenisti.
749 3804 827 3868 Haec
843 3805 907 3890 ejus
924 3807 1104 3890 eloquentiae
1119 3808 1206 3890 quasi

158 3907 356 3972 fundamenta
368 3907 460 3973 luisse
472 3911 618 3986 arbitror;
634 3911 763 3995 ideoque
774 3923 805 3975 et
818 3912 848 3974 in
862 3912 912 3976 illo
925 3934 1016 3996 opere
1031 3911 1209 3998 imperfecto

105 4251 111 4262 Ι
195 4183 227 4254 (l)
245 4186 315 4237 Haud
328 4187 398 4237 aliter
412 4191 531 4251 Angustus
543 4187 568 4237 in
580 4188 629 4238 suls
641 4187 792 4259 tacputpacr
804 4188 1036 4261 nonnullallaeiuora
1048 4205 1090 4239 seu
1102 4188 1208 4239 dissimu·

158 4271 217 4334 lare,
227 4282 268 4324 aut
279 4290 390 4326 excusare
403 4275 485 4327 voluit.
498 4275 554 4327 vid.
567 4280 651 4342 Egger.
662 4278 726 4330 llist.
737 4294 785 4334 sec.
803 4283 864 4345 Aug.
873 4278 932 4348 t‚t.

196 4365 228 4430 (2)
248 4367 308 4417 Cas.
320 4365 351 4416 de
360 4367 420 4419 Bell.
434 4368 486 4420 Civ.
497 4371 520 4429 l,
532 4371 569 4419 35.
