2730 4966
600 320 774 387 -11-,-

163 459 269 524 eadem
279 482 358 535 nune
368 463 511 537 lectorem
521 464 612 548 rapit.
625 465 735 547 Neque
745 463 776 540 id
786 463 956 546 assequitur
966 463 1103 529 Sallustii
1112 484 1206 543 more,

164 567 327 639 macilenta
340 572 471 654 quadam
489 579 520 634 et
535 592 632 655 egena
646 573 807 634 verborum
823 571 1022 654 parcimonia,
1038 570 1093 635 sed
1108 591 1208 640 rerum

161 673 277 742 liberali
298 677 469 761 largitione.
496 679 559 749 Res
573 679 655 762 apud
670 699 739 751 eum
754 678 870 761 primas
891 685 1007 752 tenent,
1028 677 1089 745 imo
1111 676 1211 761 impe·

160 782 239 852 rium
254 795 406 856 exercent.
430 786 494 855 Res
514 792 659 869 urgentur
680 786 781 861 rebus,
798 795 830 851 et
845 786 939 859 uerba
954 806 1057 856 secum
1073 791 1108 858 ut
1123 801 1212 855 serva

160 890 296 959 trahunt.
316 895 406 975 Saepe
429 893 523 966 etiam
545 897 575 964 iu
590 914 627 957 ea
641 900 726 963 tanta
742 893 954 969 concitatione,
981 892 1211 979 conjunctiones

160 997 285 1072 omittit,
303 999 427 1083 copulas
440 1021 545 1070 omnes
560 999 696 1084 negligit,
715 1000 882 1077 emembro
898 999 927 1072 in
944 998 1025 1063 aliud
1039 1001 1209 1071 membrum

159 1105 301 1184 transilit,
327 1109 486 1191 currendo,
512 1107 658 1183 saliendo,
690 1109 729 1174 ad
753 1107 943 1191 propositum
966 1107 1036 1174 ruit.
1065 1107 1137 1176 Non
1160 1105 1209 1180 hie

159 1211 252 1295 igitur
266 1213 404 1282 invenias
419 1215 502 1282 illam
516 1217 727 1301 majestatem,
744 1215 828 1282 illam
842 1215 1085 1299 amplitudinem,
1102 1215 1207 1298 ponti.-

159 1318 224 1383 ficis
237 1321 276 1389 ad
291 1343 360 1386 aras
373 1323 564 1406 procedentis
580 1346 586 1386 :
601 1344 660 1388 non
673 1330 793 1393 tantum
809 1328 918 1395 ettam
935 1321 1114 1406 impeditum
1130 1323 1209 1390 celer

143 1412 210 1490 ¹ille
225 1429 557 1514 incessusapparatum
581 1431 710 1514 patitur.
734 1430 806 1495 Non
825 1432 864 1501 ab
879 1451 915 1493 eo
935 1431 1068 1513 petenda
1088 1445 1133 1516 ast
1155 1429 1209 1505 illu

149 1535 253 1606 ‘tantis
264 1536 400 1606 laudibus
410 1540 492 1624 apud
505 1539 640 1606 rhetores
649 1538 801 1607 celebrata
812 1538 899 1621 copia
908 1536 1037 1617 dicendi,
1048 1557 1115 1620 quae
1124 1537 1208 1605 haud

158 1643 221 1706 scio
235 1665 273 1711 an
291 1646 362 1711 nihil
376 1646 458 1714 aliud
479 1648 519 1711 sit
536 1668 627 1731 quarn
639 1646 792 1732 cogitandi
808 1653 941 1730 egestas.
957 1644 1115 1728 Quidquid
1128 1666 1207 1729 opus

158 1758 206 1818 est
223 1753 261 1821 ad
274 1753 457 1826 sententiam
474 1755 713 1838 significandam,
731 1755 769 1818 ad
783 1754 948 1825 orationem
965 1753 1078 1823 claram
1092 1774 1129 1818 ac
1141 1753 1208 1838 pel-s

157 1857 299 1933 lucidam,
317 1862 452 1956 montani
470 1861 562 1926 fontis
574 1862 681 1936 instar,
700 1860 871 1932 faciendam
890 1861 1017 1938 assumit
1035 1885 1042 1924 :
1061 1861 1133 1929 nihil
1149 1882 1207 1927 au-

157 1973 220 2030 tem
234 1969 375 2052 amplius
390 1970 472 2034 Nihil
490 1971 589 2044 inane,
607 1970 681 2033 nihil
691 1969 809 2051 inutile,
824 1968 896 2032 nihil
911 1991 971 2037 non
986 1968 1209 2038 necessarium.¹

161 2104 175 2132 a
194 2074 254 2146 Est
268 2079 376 2143 modus
392 2077 421 2139 in
439 2079 540 2154 rebus,
561 2108 574 2133 κ
594 2076 694 2160 inquit
707 2082 822 2160 poetar
839 2076 960 2144 modum
984 2075 1069 2142 illum
1090 2082 1206 2144 certos,

157 2203 217 2263 que
231 2181 306 2246 recti
322 2183 397 2248 fines
412 2186 533 2269 egregia
548 2185 634 2249 novit
646 2205 682 2258 ac
697 2190 794 2253 tenet.
810 2184 893 2253 Hine
912 2204 1019 2250 severa
1040 2183 1092 2253 illa
1112 2190 1206 2268 atque

156 2289 352 2371 imperatoria
370 2291 522 2368 brevitas,
546 2292 648 2367 lucida
671 2301 773 2360 tamen
798 2314 867 2360 eum
888 2292 1105 2375 perspicuitate
1129 2313 1202 2360 cons
1279 2352 1281 2357 ,

151 2397 259 2482 juncta
271 2422 278 2472 ;
296 2399 364 2465 hinc
376 2399 429 2468 illa
442 2422 509 2464 cum
523 2401 625 2464 sobria
637 2400 770 2484 quadem
783 2420 839 2463 nec
853 2409 956 2467 tamen
967 2397 1073 2482 jejuna
1085 2399 1204 2482 simpli,

156 2504 249 2569 citata
259 2527 378 2570 summa
390 2509 449 2573 vis.
470 2508 566 2592 Cujus
583 2505 713 2588 effigiem
726 2504 956 2588 pulcherrimam
970 2525 1006 2568 ac
1019 2504 1211 2574 simillimaut

156 2611 254 2675 clarus
265 2612 373 2695 aliquis
389 2635 405 2675 e
420 2614 531 2680 nostris
543 2612 738 2696 scriptoribus
752 2611 792 2697 (li
808 2611 960 2677 invenisse
977 2611 1049 2678 mihi
1069 2611 1201 2686 videtur.

156 2718 186 2780 in
207 2718 259 2780 illo
280 2719 447 2804 gladiatore
460 2722 594 2802 antiquo,
614 2720 701 2804 cujus
722 2719 831 2784 intenti
857 2739 963 2781 omnes
981 2719 1073 2791 nervi
1087 2719 1204 2803 promi-

155 2834 245 2901 neut;
266 2826 389 2911 quique,
412 2828 470 2892 etsi
492 2827 565 2891 nihil
581 2828 620 2893 ad
638 2827 826 2912 voluptatem
843 2826 996 2892 oculorum
1011 2825 1101 2909 facit,
1126 2828 1205 2891 nuda

155 2941 258 3000 tamen
276 2937 308 2999 e't
323 2936 388 3000 sola
403 2937 518 2998 roboris
533 2957 568 2999 ae
582 2935 696 3018 vigoris
709 2933 809 3017 specie
831 2933 933 2998 oculos
949 2940 1084 3007 moratur
1099 2955 1135 2997 ae
1150 2935 1205 2999 dee-

155 3040 260 3106 lectat.

200 3151 303 3233 Nolite
319 3150 409 3232 igitur
421 3153 502 3233 apud
514 3173 584 3213 enm
595 3171 728 3234 quarere
740 3159 918 3216 ornamenta
930 3150 981 3214 illa
992 3149 1138 3220 orationis
1150 3150 1206 3220 ads⁴

154 3257 294 3331 vantitia,
312 3266 365 3323 aut
382 3255 493 3320 fastum
514 3257 719 3333 authitiosunn
738 3263 792 3322 aut
808 3256 1001 3341 splendorem
1014 3257 1205 3326 extrinsecus

154 3365 296 3440 allatum,
316 3376 368 3429 aut
392 3367 443 3430 illa
459 3366 488 3428 in
511 3366 664 3430 rhetorum
684 3364 809 3430 cilicinis
823 3365 970 3431 fabricata
982 3365 1114 3452 fulgura.
1131 3365 1205 3434 Nou

154 3470 203 3534 ille
227 3471 257 3533 in
280 3473 495 3538 concinnandis
515 3472 679 3555 cincinniS,
696 3481 750 3540 aut
768 3473 799 3539 iu
823 3473 889 3539 aliis
910 3472 999 3535 istius
1016 3472 1099 3537 modi
1115 3472 1204 3556 nugis

155 3577 345 3642 elaborandis
357 3601 479 3662 opernrn
493 3581 591 3663 perdit
607 3604 613 3642 :
628 3580 725 3666 major
736 3588 783 3644 est
792 3579 911 3644 animus
924 3579 973 3643 ille
984 3579 1162 3643 dictatorius
1173 3587 1205 3643 et

153 3685 192 3746 ad
208 3686 324 3772 majora
336 3687 445 3767 tendit,
461 3707 550 3770 quarn
567 3695 601 3760 ut
614 3708 650 3749 ea
666 3687 847 3772 descendere
859 3685 1018 3761 sustineat.
1033 3685 1143 3770 Neque
1157 3707 1206 3754 so·

153 3791 214 3855 lum
229 3792 307 3857 hunc
320 3804 472 3870 ornatum,
487 3794 564 3858 hanc
574 3793 806 3863 concinnitatem
815 3813 877 3873 non
886 3799 1031 3874 sectatur,
1041 3793 1096 3856 sed
1108 3793 1203 3868 etiam

152 3899 235 3962 ultro
244 3922 310 3964 eam
322 3909 468 3985 tanquam
479 3911 607 3984 vestem,
618 3900 806 3985 splendidam
814 3900 948 3985 quidem,
959 3900 1089 3984 propriae
1098 3907 1204 3968 tainen

151 4005 256 4072 formae
280 4009 490 4093 pulchritudini
510 4007 704 4084 allicientem,
726 4008 871 4073 detrahit.
891 4007 957 4072 Imo
978 4029 1201 4092 nonnunquam

152 4113 231 4179 ultro
247 4115 381 4180 ostendit
399 4137 434 4179 ac
451 4115 572 4208 praefert
585 4116 718 4205 aliquam
733 4115 925 4203 negligentiae
940 4122 971 4179 et
987 4115 1109 4179 incuriae
1124 4134 1203 4206 spe·

189 4358 221 4429 (t)
239 4359 337 4439 Villam
347 4357 408 4412 urit.
420 4373 468 4418 aar.
479 4375 552 4428 arrii,
565 4367 584 4413 t.
599 4375 630 4432 11,
640 4373 665 4435 p.
677 4360 728 4418 trr.
