2730 4966
508 358 682 452 472

65 535 148 599 mina
160 540 322 617 temperet.
338 535 460 611 Quanto
479 532 557 596 enim
575 533 692 596 dicendi
704 533 842 611 artificio,
863 535 935 598 dum
948 556 999 599 eos
1014 557 1113 621 repre·

63 642 182 716 hendit,
197 662 300 705 eorum
312 641 455 704 virtutem
473 660 620 722 suamque
634 640 949 724 diligentiamtaudat,
964 645 1115 710 exereitus

55 749 257 814 Cimbrorum
274 747 399 810 uictoris
413 747 539 829 gloriam
554 755 700 831 ostentat,
717 747 819 810 omnia
829 748 959 831 denique
974 751 1116 833 proponit

65 877 134 940 quae
159 857 197 918 ad
221 855 442 918 confirmandos
468 854 689 937 erigendosque
712 875 815 916 eorum
839 855 958 919 animos
980 855 1116 921 conferre

64 975 204 1046 possunt.
224 993 236 1015 ι
252 960 342 1040 Quod
356 961 383 1024 si
397 961 498 1023 furore
521 968 552 1024 et
574 961 708 1023 amentia
730 961 879 1044 impulsus
894 960 1112 1050 (Ariovistus),

69 1099 83 1124 ιι
103 1069 213 1132 bellum
231 1068 392 1143 intulisset,
411 1067 484 1150 quid
498 1068 621 1130 tandem
636 1067 833 1130 vererentur!
851 1067 918 1132 Aut
938 1088 991 1132 cur
1008 1069 1117 1134 desua
1166 1136 1168 1140 ,

70 1205 84 1230 ιι
105 1175 217 1239 virtute
239 1196 275 1239 ac
300 1175 337 1236 de
362 1174 457 1257 ipsius
482 1173 638 1256 diligentia
659 1174 876 1257 desperarentf
900 1162 1116 1262 Factumejus

71 1311 86 1352 ιι
105 1283 202 1346 bostis
215 1281 381 1365 perieulum
395 1288 517 1364 patrum
529 1289 703 1344 nostrorum
717 1277 880 1356 memoria;
900 1303 968 1346 curn
984 1282 1116 1355 Cimbris

67 1394 87 1453 ιῖι
105 1396 137 1452 et
148 1389 294 1452 Teutonis
306 1409 325 1450 a
339 1386 376 1452 O.
393 1386 494 1450 Mario
509 1387 615 1469 pulsis,
633 1408 691 1448 non
704 1388 850 1450 minorem
866 1389 986 1452 laudem
1001 1388 1118 1452 exerci-

72 1526 85 1548 ι
106 1503 156 1558 tus
180 1517 271 1578 quam
295 1495 361 1578 ipse
386 1495 563 1576 imperator,
581 1494 708 1557 meritus
724 1515 791 1556 esse
807 1495 968 1557 videbatur
982 1518 988 1557 :
1004 1493 1118 1558 factum

72 1633 85 1657 ιι
107 1602 200 1665 etiam
221 1623 317 1684 nuper
338 1602 369 1663 iu
393 1600 483 1663 Italia
502 1601 603 1663 servili
627 1600 769 1678 tumultu,
794 1622 871 1683 quos
891 1610 993 1664 tamen
1009 1601 1119 1685 aliquis

73 1741 85 1764 u
106 1731 178 1772 usus
192 1730 228 1772 ao
243 1707 411 1791 disciplina,
425 1728 517 1790 quarn
529 1729 548 1769 a
559 1708 646 1770 nobis
657 1698 856 1790 accepissent.
874 1709 1063 1783 sublevaret;
1081 1729 1119 1772 ex

73 1848 86 1872 ιι
105 1839 166 1900 quo
180 1815 307 1902 judicari
317 1823 430 1898 posset,
447 1823 592 1900 quantum
605 1814 731 1878 haberet
746 1816 776 1877 in
792 1837 825 1878 se
840 1817 910 1878 boni
926 1816 1116 1891 constantia;

71 1951 86 1978 ι
105 1930 267 2008 propterea
282 1923 375 2005 quod,
394 1944 470 2006 quos
482 1922 656 2006 aliquandiu
670 1923 801 1985 inermes
814 1923 879 1986 siue
892 1945 984 1988 causa
996 1924 1119 1988 timuis-

73 2061 86 2084 ι
106 2041 185 2103 sent,
204 2030 259 2092 hos
279 2036 386 2112 postea
408 2036 542 2090 armatos
556 2050 592 2092 ac
606 2028 737 2092 victores
753 2039 958 2111 superassent.
979 2030 1119 2112 Denique

74 2167 88 2190 ι
108 2137 163 2199 hos
172 2158 239 2198 esse
253 2136 375 2198 eosdem
384 2134 567 2209 Germanos
579 2136 757 2218 quibuscum
768 2154 974 2217 saepenumero
983 2135 1120 2198 Helvetii

74 2276 87 2300 ιι
107 2245 260 2328 congressi
283 2265 342 2306 non
364 2243 511 2305 salumin
537 2243 599 2306 suis
622 2244 754 2316 sedibus,
770 2244 825 2306 sed
846 2243 938 2306 etiam
955 2243 985 2304 in
1000 2243 1119 2307 illorum

74 2383 88 2407 ιι
108 2353 228 2434 finibus,
243 2350 420 2434 plerumque
434 2358 639 2433 superassent,
653 2349 704 2432 qui
719 2361 820 2412 tamen
833 2371 923 2432 pares
938 2370 1005 2413 esse
1016 2357 1120 2413 nostro

71 2488 88 2512 ιι
109 2459 255 2522 exercitui
268 2479 326 2521 non
343 2459 507 2541 potuerint.
529 2458 563 2520 Si
581 2478 658 2540 quos
671 2458 833 2519 adversum
853 2457 989 2538 praelium
1003 2464 1034 2519 et
1048 2456 1120 2540 fuga

72 2595 87 2626 ιι
106 2566 265 2630 Gallorum
277 2571 494 2640 commoveret,
509 2563 565 2625 boe
579 2563 605 2625 si
621 2569 790 2646 quaererent
801 2561 925 2645 reperiri
938 2583 1039 2645 posse,
1058 2563 1121 2625 diu-

74 2703 88 2726 u
109 2672 254 2736 turnitate
268 2670 338 2733 belli
360 2667 531 2752 defatigatis
554 2668 663 2744 Gallis,
690 2667 894 2743 Ariovistum,
915 2690 984 2732 cum
1007 2670 1120 2734 multos

53 2762 55 2767 ⁵
74 2810 89 2833 ιι
108 2799 230 2842 menses
251 2778 360 2841 castris
380 2797 416 2840 ac
431 2777 589 2860 paludibus
607 2797 641 2840 se
655 2775 864 2859 continuisset,
884 2796 983 2858 neque
1002 2777 1047 2839 sui
1063 2798 1121 2860 po·

75 2917 89 2940 ιι
110 2892 254 2950 testatem
280 2884 417 2958 fecisset,
437 2886 633 2967 desperantes
650 2883 714 2970 jam
733 2883 771 2944 de
792 2903 895 2966 pugna
915 2893 946 2946 et
967 2883 1120 2965 dispersos

35 3048 61 3085 ω,
75 3023 90 3048 ιι
111 2993 213 3058 subito
239 2994 391 3085 adortum,
413 2993 511 3076 magis
535 2991 653 3054 ratione
676 3011 712 3054 ac
734 2991 873 3073 consilio,
889 3012 982 3073 quam
1008 2991 1120 3054 virtute

77 3131 92 3154 ··
109 3099 239 3164 vicisse:
255 3098 302 3162 eui
313 3098 420 3160 rationi
432 3105 536 3161 contra
547 3097 684 3159 homines
699 3096 842 3158 barbaros
855 3103 948 3179 atque
963 3095 1121 3178 imperitos

77 3237 92 3262 u
110 3207 192 3270 locus
205 3205 322 3277 fuisset,
336 3205 392 3268 bac
406 3225 444 3266 ne
459 3204 558 3287 ipsum
568 3202 690 3286 quidem
702 3221 825 3287 sperare
837 3211 957 3267 nostros
971 3204 1121 3269 exercitus

77 3343 94 3372 a
111 3314 179 3397 oapi
193 3333 295 3396 posse.
316 3339 329 3365 ιι

118 3423 230 3486 Nonne
243 3420 289 3482 bic
300 3417 512 3481 admirandum
524 3417 610 3480 vobis
621 3416 752 3490 videtur,
768 3416 1004 3501 quantojudicio
1018 3440 1121 3483 exem-

74 3533 126 3616 pla
143 3531 181 3592 ad
202 3549 263 3590 rem
288 3525 420 3588 maxime
441 3524 583 3588 facientia
599 3524 741 3608 elegerit;
767 3544 858 3605 quam
879 3523 1067 3607 sapientibus
1085 3549 1121 3592 ac
1171 3519 1177 3541 ’

74 3629 244 3700 manifestis
264 3632 430 3696 rationibus
444 3652 480 3692 ea
495 3629 732 3712 confiruraverit;
758 3636 873 3712 quanta
890 3631 1020 3714 denique
1035 3633 1120 3696 calli-

75 3745 173 3808 ditate
192 3763 277 3805 suam
295 3748 326 3804 et
341 3740 468 3802 militum
484 3739 609 3824 gloriam
627 3738 798 3801 miscueritl
820 3738 909 3802 Nunc
928 3742 1053 3803 tandem
1069 3763 1122 3807 sa-

74 3860 165 3914 natas
178 3869 244 3911 esse
259 3846 376 3910 mentes
390 3856 421 3909 et
435 3845 536 3909 valere
548 3844 689 3929 intelligit
697 3866 704 3917 ;
723 3865 802 3907 nunc
816 3845 909 3928 igitur
921 3845 1012 3909 altius
1024 3847 1052 3910 in
1069 3870 1122 3913 eas

74 3966 106 4021 et
121 3955 330 4019 vehementius
347 3954 528 4017 descendere
541 3975 599 4015 non
615 3953 744 4027 dubitat,
760 3959 794 4033 ut
806 3952 950 4036 quidquid
965 3955 1065 4019 adhuc
1075 3955 1122 4019 tal

77 4071 142 4129 teat
156 4062 228 4126 mali
243 4061 365 4125 omnino
380 4062 506 4124 recidat.
679 4143 682 4149 Ι

127 4201 140 4226 ι
167 4170 328 4249 Quisnam
344 4167 484 4232 timorem
502 4167 532 4229 iu
548 4165 590 4229 rei
610 4165 814 4230 frumentariae
831 4166 1053 4238 simulationem
1069 4189 1125 4233 an·
1149 4232 1164 4257 ἢ,

61 4344 65 4349 ,
84 4309 96 4335 ιι
123 4277 299 4362 gustiasque
312 4276 429 4339 itineris
440 4273 620 4356 conferrent,
635 4273 731 4337 facere
741 4283 930 4359 arroganter.
945 4294 1013 4338 cum
1024 4283 1076 4339 aut
1087 4278 1126 4341 de

85 4414 97 4437 u
126 4383 226 4449 officio
244 4383 436 4466 imperatoris
449 4383 610 4466 desperare
623 4389 677 4444 aut
698 4380 724 4444 ei
735 4372 932 4464 praescribere
944 4381 1100 4447 auderent.

931 4486 948 4541 Ξ

157 4578 187 4623 ‘u
