2730 4966
581 314 754 378 ..12-

154 460 229 524 ciem
246 459 274 545 Jl
287 459 307 544 J.
322 459 449 538 Quoties
465 457 563 541 arguti
578 458 725 521 sermonis
739 462 892 519 amatores
905 452 1100 517 offenduntur
1111 473 1192 516 voca·

154 568 225 630 lium
252 567 427 629 earumdem
450 586 608 635 concursu,
625 565 706 649 quod
726 563 831 626 molles
854 582 959 624 eorum
982 581 1070 623 aures
1091 580 1194 642 aspero

154 674 312 757 hiulcoque
335 694 408 735 sono
435 671 539 736 laedat!
559 672 635 750 Quis
660 678 834 735 autemnon
859 668 967 732 millies
984 665 1198 731 animadvertit

155 799 236 850 eum.
254 780 462 863 perspicuitati
486 781 557 842 dum
580 779 665 844 unice
684 779 796 852 studet,
814 799 856 840 ne
875 777 905 838 in
928 775 1027 839 locum
1041 773 1196 837 nominum

154 886 333 973 pronomina
347 886 499 971 subjiciat,
516 909 554 950 ne
572 887 601 949 in
617 887 753 950 oratioue
763 892 835 969 apte
849 883 992 947 struenda
1004 882 1196 954 immoretur,

154 995 246 1057 verbo
272 1023 284 1046 u
308 1015 356 1056 res
375 1027 388 1048 n
411 993 653 1078 frequentissime
677 993 720 1057 uti
743 998 836 1075 atque
857 989 963 1064 abuti3
983 1009 1050 1072 quae
1066 1009 1148 1061 vox,
1170 995 1201 1049 ut

155 1099 309 1164 festinanti
327 1108 358 1163 et
379 1121 457 1163 curae
474 1100 610 1184 parcenti
629 1099 669 1162 sit
685 1096 942 1170 commodissima,
960 1094 1084 1157 minime
1100 1101 1202 1157 tamen

155 1206 290 1272 conferre
305 1207 425 1272 videtur
446 1207 486 1270 ad
502 1207 695 1291 elegantiam.
714 1206 804 1289 Saepe
818 1203 912 1267 etiarn
928 1202 1045 1286 plenius
1059 1200 1203 1286 loquendi

156 1314 269 1389 studio,
285 1315 379 1376 verba
392 1314 530 1396 quaedam
545 1314 643 1390 addit,
660 1335 727 1397 quae
746 1312 928 1395 optimorum
942 1311 1123 1393 scriptorum
1140 1309 1203 1392 ple·
1219 1393 1221 1396 Ι

156 1421 242 1503 rique
253 1420 395 1496 omittere
407 1419 515 1483 solent.
527 1420 597 1484 Non
613 1421 691 1483 enirn
707 1420 757 1482 ille
769 1419 799 1480 in
810 1438 904 1481 unum
921 1415 1032 1479 milites
1043 1414 1139 1500 cogit,
1152 1415 1204 1478 sed

156 1529 291 1593 inunum
307 1530 404 1592 locum
417 1553 424 1603 ;
441 1550 501 1592 non
519 1551 535 1592 e
550 1529 709 1593 Britannia
724 1528 825 1601 solvit,
843 1526 896 1615 sed
908 1545 1004 1588 naves
1019 1523 1205 1596 solrritmon

168 1657 186 1698 n
215 1638 353 1700 manibus
374 1636 477 1699 hostes
495 1636 598 1711 babet,
616 1638 670 1699 sed
696 1635 727 1697 in
750 1633 889 1697 manibus
911 1632 990 1706 suis;
1008 1638 1040 1694 et
1060 1639 1206 1694 sexcenta

157 1743 376 1830 hujuscemodi.
403 1743 521 1826 Saepius
547 1744 687 1805 eamdem
705 1763 811 1805 vocem
836 1741 881 1804 bis
905 1747 1023 1823 terque,
1040 1737 1123 1802 nullo
1146 1737 1206 1801 fere

167 1849 316 1934 nterjecto
336 1850 435 1933 spatio
451 1849 572 1933 repetit,
593 1855 629 1912 ut
642 1870 761 1912 omnem
778 1847 865 1911 tollat
885 1845 1094 1939 ambiguitatis
1108 1845 1208 1929 suspi-

156 1958 286 2022 cionem.
301 1957 367 2022 lmo
382 1957 508 2022 latinam
531 1957 685 2021 interdum
704 1955 953 2020 consuetudinem
972 1953 1095 2037 deserit,
1120 1953 1206 2016 latini

157 2066 304 2130 sermonis
319 2066 403 2151 leges
415 2064 519 2136 violat.
536 2085 634 2148 neque
646 2065 806 2128 Genavam
820 2085 853 2126 se
868 2061 1041 2146 pervenisse
1056 2060 1142 2136 dicit,
1156 2061 1208 2124 sed

157 2174 197 2236 ad
213 2173 392 2247 Genavam
414 2193 513 2255 neque
535 2172 690 2235 Lutetiam
714 2171 874 2254 proticisci,
900 2170 961 2232 sed¹
978 2169 1016 2231 ad
1037 2167 1205 2256 Lutetiam.

158 2281 259 2344 Tanta
272 2278 367 2342 fuitei
378 2278 603 2362 perspicuitatis
615 2298 698 2360 cura,
712 2285 798 2340 tanto
809 2277 838 2339 id
851 2283 1027 2360 persecutus
1037 2284 1083 2339 est
1093 2276 1204 2350 studio,

157 2396 192 2452 ut
215 2387 350 2472 cogitata
372 2385 438 2449 luce
460 2384 587 2449 clariora
609 2384 801 2448 audientibus
827 2382 954 2448 faceret!
974 2382 1104 2447 Perinde
1122 2404 1160 2447 ac
1183 2381 1208 2446 si

157 2495 315 2569 voluisset,
333 2502 368 2557 ut
384 2493 472 2557 terris
493 2493 631 2556 omuibus
647 2496 860 2576 imperatorem
878 2512 917 2577 se
930 2498 968 2559 et
981 2490 1136 2553 dominum
1152 2489 1209 2551 im·

157 2621 281 2684 ponere,
297 2602 340 2663 ita
355 2601 394 2662 ab
410 2599 550 2662 omnibus
565 2611 712 2663 terrarum
729 2600 869 2682 gentibus
884 2619 976 2682 quam
990 2595 1131 2661 facillime
1150 2595 1209 2680 legi

158 2714 190 2770 et
201 2706 326 2791 intelligi
343 2706 393 2793 J2J.
1189 2728 1190 2732 ¹

203 2813 287 2876 Cave
308 2821 409 2877 tamen
435 2811 592 2875 existimes
618 2811 762 2877 rusticam
777 2833 844 2874 esse
865 2812 946 2874 illum
966 2811 1205 2895 simplicitatem¹

158 2922 279 2984 illamve
295 2920 512 3005 negligentiam
526 2919 701 2981 inurbanum
713 2918 826 3001 aliquid
840 2940 948 3003 sapere
960 2919 1039 3002 quod
1050 2917 1208 2982 fastidium

159 3050 281 3093 movere
306 3027 413 3112 possit.
442 3026 526 3090 Inest
551 3025 631 3088 enim
657 3026 796 3088 omnibus
822 3025 888 3110 ejus
916 3025 1037 3108 scriptis
1062 3025 1210 3088 naturalis

159 3137 281 3221 quidam
294 3138 380 3220 lepos
390 3147 422 3200 et
435 3149 581 3200 venustas
592 3135 696 3198 innata
710 3155 777 3218 quae
790 3155 825 3198 eo
839 3135 935 3218 magis
950 3134 1113 3217 delectant,
1128 3133 1211 3216 quod

159 3244 240 3308 nullo
256 3244 362 3306 labore
377 3243 522 3326 quaesitu,
540 3243 594 3304 sed
609 3250 717 3324 sponte
732 3263 799 3315 sua,
815 3241 908 3305 felir-is
923 3252 1040 3305 naturae
1054 3242 1208 3324 ubertate,

159 3351 262 3436 genita
275 3372 342 3415 esse
362 3349 554 3413 manifestum
568 3356 628 3411 est.
655 3347 755 3411 Purus
773 3347 911 3431 inprimis
925 3369 1025 3411 sermo
1040 3357 1099 3430 est,
1116 3356 1210 3431 atque

160 3482 198 3526 ex
222 3460 416 3545 integerrima
437 3464 575 3522 veterum
601 3456 836 3529 consuetudine.
857 3456 945 3539 quasi
971 3458 1103 3542 quodam
1127 3455 1211 3521 fonte

195 3721 228 3785 (1)
247 3717 314 3769 Idem
327 3726 351 3767 et
364 3716 465 3784 Lipsius,
476 3717 546 3767 elect.
558 3719 581 3780 Ξ,
594 3718 607 3765 'l
620 3729 627 3766 :
644 3719 737 3781 «Lege,
752 3715 838 3781 relege,
855 3717 928 3766 multa
937 3717 1011 3766 otiosa
1024 3716 1144 3783 reperies,
1157 3715 1210 3765 dis-

161 3825 174 3858 a
188 3808 283 3873 juncta,
300 3806 424 3873 intricata,
444 3806 603 3872 interpolata,
619 3804 735 3872 repetita:
751 3812 776 3852 ut
790 3804 888 3853 omniuo
903 3821 949 3853 uon
963 3805 1023 3854 absit
1036 3805 1094 3871 quiu
1107 3804 1136 3853 ad
1149 3804 1212 3854 lianc

162 3917 174 3942 u
189 3896 260 3965 prisci
275 3897 353 3963 operis
363 3904 462 3945 statuam
475 3895 568 3944 novella
581 3895 704 3944 accesserit
717 3902 741 3942 et
754 3893 864 3960 imperita
876 3911 967 3944 manus,
982 3917 994 3939 a

194 3987 227 4053 (2)
241 3985 307 4037 Idem
321 3985 385 4035 etde
400 3990 505 4050 Augusto
518 3984 601 4033 sedulo
614 3983 710 4049 Caesaris
723 3983 841 4032 imitatore
854 3993 933 4033 narrat
946 3983 1089 4035 Suetonius:
1104 4002 1116 4033 u
1129 3984 1212 4033 Praci-

159 4093 231 4146 puam
243 4092 325 4126 curam
337 4075 404 4125 durit
415 4091 510 4124 sensum
521 4073 591 4123 animi
603 4088 674 4139 quam
687 4073 835 4139 apertissime
845 4074 988 4140 exprimere.
1005 4073 1077 4137 Quod
1087 4089 1135 4139 quo
1151 4073 1211 4121 frei-

159 4168 203 4218 lius
212 4167 323 4231 efficeret,
338 4174 378 4215 aut
394 4164 478 4214 necubi
494 4165 606 4214 lectorem
617 4163 652 4211 rel
666 4161 799 4212 auditorem
815 4162 954 4213 obturbaret
968 4180 995 4212 ac
1005 4173 1150 4222 moraretur,
1160 4179 1211 4212 ne-

159 4273 206 4323 que
215 4255 393 4324 praepositiones
404 4271 439 4303 rer
447 4254 482 4304 bis
494 4254 590 4314 addere,
605 4269 681 4318 neque
695 4251 875 4316 conjunctiones
884 4252 969 4319 saepius
978 4253 1074 4319 iterare,
1083 4252 1211 4314 dubitarit,

160 4362 212 4413 quae
225 4345 334 4395 detracta
347 4346 449 4395 afferunt
460 4343 551 4410 aliquid
564 4342 724 4411 obscuritatis,
732 4341 776 4391 etsi
786 4341 887 4407 gratiam
897 4341 995 4410 arrgcntss
1008 4346 1075 4396 Suet.
1085 4347 1140 4394 Oct.
1154 4346 1191 4390 86.
