2730 4966
594 360 769 425 *43-

159 512 339 571 ottonom
353 504 522 569 ammorum
541 502 741 566 mutationem
757 507 821 566 tam
842 501 947 585 paucis
962 501 1064 566 verbis
1084 517 1205 586 tamque

157 632 254 695 parvo
268 611 414 701 temporis
426 618 539 694 puncto
557 609 622 673 fieri
633 607 782 693 potuisse.
798 607 935 689 Deinde,
951 610 1033 691 quod
1045 608 1206 674 Camillum

158 714 285 783 fortasse
301 717 398 802 magis
412 715 559 791 movebit,
579 713 684 779 Cicero
699 714 767 797 ipse
787 721 818 777 et
835 713 1016 778 Plutarchus
1031 715 1206 798 quadama

158 823 277 889 Ousare
288 825 372 889 dicta
384 842 457 919 esse
465 821 567 886 ferunt
580 873 586 898 ,
601 841 670 905 quaa
684 820 732 885 hic
749 820 870 883 omnino
887 821 1009 885 desunt.
1023 822 1087 886 Cur
1102 830 1205 887 autem

158 930 335 1008 Sallustius,
355 951 450 1014 quum
470 929 597 994 haberet
612 927 775 1012 genuinam
791 927 921 991 Caesaris
933 928 1118 1003 orationem,
1136 951 1204 993 eam

158 1055 213 1101 non
227 1028 445 1120 adsumpserit.
461 1035 584 1101 minime
599 1034 709 1099 mirum
725 1041 783 1098 est.
803 1033 858 1099 illa
868 1035 961 1108 enim,
977 1042 1011 1098 ut
1026 1055 1131 1099 omnes
1142 1036 1205 1101 sere

159 1143 285 1227 antiqui,
297 1164 359 1206 uon
370 1143 439 1207 ideo
455 1143 551 1206 solum
568 1139 726 1205 historiam
740 1139 862 1223 scripsit
873 1147 907 1204 ut
916 1140 1073 1205 Romanos
1087 1161 1124 1205 ea
1136 1162 1203 1225 qum

157 1249 301 1315 adissent
314 1248 407 1333 paulo
417 1254 551 1314 anteaut
565 1246 708 1313 fecissent
723 1247 781 1331 ipsi
797 1247 947 1322 edoceret,
962 1249 1124 1327 sedmolto
1138 1270 1204 1313 rna·

157 1356 211 1441 gis,
226 1362 377 1440 tanquam
395 1355 445 1421 alii
464 1364 607 1439 poemata
624 1353 759 1434 faciunt,
777 1360 812 1418 ut
823 1362 889 1420 arte
905 1362 937 1419 et
951 1355 1125 1439 eloquentia
1137 1359 1203 1441 glo-

155 1463 230 1529 riam
246 1446 305 1527 sibi
318 1471 453 1547 pararet.
472 1463 621 1541 Quanam
642 1469 746 1525 antem
764 1483 825 1535 ars,
844 1482 983 1544 qnaenam
1005 1462 1071 1526 laus
1084 1464 1203 1547 fnisset,

152 1570 269 1635 alienas
292 1569 447 1633 orationes
467 1568 667 1633 admiratione
685 1569 840 1641 omnium,
862 1576 896 1632 nt
915 1568 960 1633 ita
981 1570 1098 1645 dicam,
1118 1570 1207 1635 tritas
1317 1608 1323 1617 ·

153 1676 217 1743 suis
233 1675 361 1760 scriptis
376 1675 494 1739 medias
508 1675 716 1758 interponendi
730 1675 740 1737 l
758 1676 861 1753 Quam
874 1675 954 1737 enim
967 1676 994 1739 ei
1009 1676 1083 1740 vitio
1099 1677 1205 1742 datum

150 1783 197 1849 sit
216 1783 301 1867 quod
326 1804 345 1846 a
369 1782 486 1845 Catone
507 1781 647 1866 quadam
671 1783 765 1845 verba
789 1791 944 1847 mutuatus
965 1792 1066 1860 essct,
1089 1791 1206 1871 quanto

150 1889 271 1974 aequius
285 1889 317 1952 in
333 1888 447 1953 crimen
464 1887 536 1953 furti
548 1897 710 1953 venturum
724 1910 792 1954 eum
808 1888 900 1954 luisse
914 1891 1084 1974 existimas,
1103 1893 1129 1956 si
1143 1892 1206 1957 Ca-

158 1996 255 2073 toniS,
270 1995 401 2063 cuaris
415 2047 421 2071 ,
435 1994 591 2059 Ciceronis
605 1995 863 2068 ,clarissimorum
879 2004 1032 2059 oratorum
1045 2048 1052 2070 ,
1066 1996 1207 2063 facundia

160 2101 317 2169 historiam
333 2122 420 2166 suam
434 2121 542 2165 ornare
557 2109 588 2165 et
602 2100 787 2185 distinguere
802 2122 894 2165 ausus
912 2104 1014 2167 essetl
1028 2105 1100 2168 lllas
1115 2105 1207 2191 igitur

159 2210 308 2287 orationes
321 2229 477 2273 assumere
493 2228 550 2272 nec
564 2207 664 2291 potuit
678 2228 734 2271 nec
747 2208 845 2274 voluit
860 2234 866 2273 ι
886 2218 917 2274 et
933 2210 1043 2295 alioqui
1057 2214 1097 2275 ad
1112 2213 1205 2277 totius

159 2316 254 2399 operis
268 2315 451 2380 brevitatem
466 2336 525 2379 non
537 2313 700 2378 faciebant.
715 2314 751 2377 In
763 2315 837 2380 illud
851 2325 955 2380 autem
969 2324 1065 2382 totam
1081 2340 1204 2403 operam

159 2420 290 2486 conferre
303 2421 426 2496 debuit,
440 2428 475 2486 ut
491 2419 616 2483 mutatis
629 2426 748 2483 tantum
762 2420 863 2483 verbis
876 2421 1113 2507 uniuscujusque
1126 2425 1206 2507 cogi·

158 2528 285 2593 tationes
309 2534 341 2591 et
365 2526 554 2599 sententias,
578 2545 746 2606 sensusque
768 2532 800 2589 et
819 2533 951 2589 mentem
969 2535 1093 2611 caperet
1113 2537 1206 2612 atque

158 2634 365 2718 exprimeret;
383 2640 419 2697 ut
438 2632 585 2716 quidquid
600 2631 747 2697 dixissent
765 2632 888 2697 brevius
901 2633 1036 2712 diceret,
1059 2635 1204 2721 quidquid

158 2744 194 2813 ab
204 2726 361 2810 audientia
371 2741 501 2825 intelligi
512 2741 689 2815 voluissent,
703 2740 931 2825 intelligendum
941 2743 1088 2828 cogitanti
1103 2746 1201 2818 daret,

157 2855 190 2915 ut
202 2849 333 2934 denique
355 2870 460 2915 eorum
477 2849 656 2932 eloquentiae
676 2848 763 2931 quasi
778 2849 943 2930 quamdam
958 2848 1088 2934 effigiem
1108 2852 1206 2917 veris-

157 2957 263 3032 simam
281 2957 437 3037 traderet‚
458 2955 648 3019 brevioribus
660 2975 834 3038 quanquam
858 2976 894 3019 ac
913 2956 1101 3021 tennioribus
1119 2958 1206 3023 lineis

157 3063 338 3148 descriptam
355 3084 391 3128 ac
406 3062 609 3146 designatam.
628 3060 734 3124 Verba
751 3061 843 3144 igitur
854 3062 991 3125 Sallustii
1007 3071 1092 3140 sunt,
1113 3085 1206 3149 argu-

156 3176 326 3245 mentorum
337 3177 440 3234 autem
454 3167 548 3233 series
559 3178 591 3231 et
607 3166 684 3231 ratio
697 3165 839 3231 Caesaris.
854 3166 983 3233 Vestem
1000 3172 1130 3236 mutavit
1146 3173 1206 3237 his·

157 3277 287 3342 torious:
302 3285 336 3342 at
351 3297 461 3360 corpus
476 3283 507 3340 et
521 3275 657 3348 vultum,
675 3282 857 3360 gestumque
873 3283 906 3342 et
926 3276 1064 3365 habitum
1083 3301 1204 3345 omnem

157 3385 285 3451 reddere
304 3385 428 3460 debuit;
446 3405 501 3461 ao,
520 3383 547 3447 si
568 3404 605 3447 ex
627 3392 805 3448 caetcrornm
821 3383 1004 3466 scriptomm
1023 3387 1206 3451 testimoniis

158 3493 362 3578 conjecturam
374 3491 473 3557 facere
486 3491 588 3564 liceat,
605 3489 764 3553 verissime
779 3489 922 3554 reddidit.

200 3598 279 3663 Cura
291 3599 382 3684 igitur
397 3597 572 3682 praeclaram
586 3594 669 3659 illam
681 3595 849 3660 orationem
865 3617 926 3660 non
941 3598 1033 3661 modo
1046 3598 1203 3683 noveritis,

157 3705 212 3769 sed
234 3704 344 3782 etiam,
361 3716 396 3770 ut
411 3703 515 3779 credo,
534 3703 681 3765 memoria
702 3703 845 3781 teneatis,
862 3687 923 3766 iron
941 3725 1010 3769 eam
1025 3706 1113 3770 vohis
1129 3706 1206 3771 reci-

157 3814 284 3877 tandam
299 3820 385 3897 puto,
398 3831 499 3895 neque
510 3818 611 3873 tamen
623 3807 723 3871 minus
736 3809 930 3891 perspicuum
945 3813 1032 3878 vobis
1044 3812 1108 3878 sore
1119 3814 1206 3899 quid·
1269 3788 1284 3819 ⁹

157 3920 231 4003 quid
248 3920 286 3985 de
304 3920 355 3983 illa
371 3919 483 3984 dicam.
500 3915 591 3997 Quod
612 3913 726 3997 siquid
742 3916 830 3981 vohis
848 3918 1014 4005 exciderit,
1033 3929 1144 4006 praesto
1159 3929 1206 3986 est

157 4025 297 4090 Sallustii
311 4026 397 4102 liber,
414 4045 505 4109 quern
518 4042 613 4106 penes
628 4041 704 4082 merc
718 4020 935 4105 disputationis
945 4028 1020 4092 fides
1035 4030 1104 4092 erit.
1180 4070 1185 4077 -

202 4132 280 4195 Mihi
296 4133 418 4214 quidem
437 4130 507 4193 olim
524 4126 662 4193 Sallustii
680 4128 839 4194 conciones
858 4131 987 4218 legenti,
1007 4135 1089 4198 nulla
1107 4118 1210 4199 minus·

157 4258 253 4322 qnam
273 4238 337 4303 haec
353 4237 483 4302 Caesaris
499 4236 529 4300 in
542 4240 650 4298 senatu
664 4235 702 4297 de
718 4236 884 4325 conjuratis
901 4241 1052 4323 placabat.
1069 4242 1204 4311 Primum

159 4345 241 4411 euim
262 4343 387 4408 exordio
406 4342 480 4408 nihil
502 4340 652 4429 frigidius,
675 4341 750 4409 nihil
767 4343 903 4429 putidius
930 4368 997 4413 essa
1019 4350 1201 4436 judicabam.
