2730 4966
680 369 853 452 „3043

288 515 348 578 Est
363 514 455 578 etiam
473 513 526 576 illo
539 511 578 576 ex
592 513 688 579 ironia
703 512 797 596 fictio,
809 533 871 596 qua
885 513 1008 578 territos
1018 513 1130 576 milites
1141 522 1285 594 expecta-

245 621 327 701 tione
342 620 431 684 Jubae
448 619 528 703 regis
546 621 677 704 ejusque
685 620 852 703 copiarum,
870 639 998 702 quarum
1013 619 1121 703 ingens
1136 639 1153 682 e
1171 618 1286 704 longin-

245 746 305 811 quo
324 724 406 789 foma
428 732 460 789 et
479 723 626 805 formido,
651 724 851 805 confirmavit.
871 725 1099 790 Multitudinem
1122 705 1286 809 praesertim

244 852 312 918 quae
326 831 478 896 ferebatur
489 832 638 896 immensa
649 833 824 911 horrebant.
836 832 918 912 Quid
932 832 1024 916 igitur
1038 833 1188 917 agendum
1204 820 1269 896 erat
1277 833 1288 894 l

244 936 356 1004 Nonne
369 939 519 1022 optimum
533 938 667 1004 firturum
678 938 771 1005 fuisse
782 940 901 1005 videtur
915 922 1097 1024 convocatos
1112 941 1153 1004 ad
1168 941 1286 1003 concio-

244 1067 314 1129 nem
324 1045 442 1113 milites
456 1048 566 1112 dooere
579 1047 652 1132 quid
666 1047 708 1111 rei
727 1054 824 1124 esset,
842 1069 903 1134 quo
916 1047 953 1114 in.
965 1067 1066 1111 errore
1082 1055 1286 1128 versarentur,

243 1162 391 1240 quantum
403 1153 496 1220 resin
509 1154 607 1239 majus
617 1175 730 1239 augere
743 1153 854 1219 soleret
864 1153 962 1230 ferna,
974 1169 1068 1238 quam
1079 1174 1176 1237 parve
1188 1163 1290 1218 essent
1324 1168 1326 1173 ’

244 1283 338 1345 regna
352 1262 451 1337 Jubae,
467 1268 616 1345 quantum
630 1261 761 1345 danique
775 1281 813 1325 ea
829 1283 903 1345 quae·
913 1267 1107 1326 narrarentur
1122 1269 1226 1328 essent
1239 1283 1289 1326 su-

246 1389 301 1454 pra
316 1368 431 1434 lideml
448 1368 681 1452 Sapientissima
696 1369 818 1453 quidem
831 1368 911 1434 ista:
931 1371 985 1434 sed
1001 1375 1117 1452 quanto
1133 1375 1166 1432 et
1183 1368 1291 1432 elarius

245 1479 278 1542 et'
290 1477 413 1542 brevius
431 1475 565 1541 ostendit
586 1496 680 1559 quam
698 1477 794 1564 stulta
813 1472 1032 1552 credidissent,
1054 1495 1210 1559 quamque
1227 1474 1290 1559 ipse

245 1583 306 1661 iste
327 1583 429 1648 omnin
451 1590 679 1664 contemneret,
705 1604 820 1667 quum,
847 1583 1016 1666 composito
1036 1584 1076 1646 ad
1097 1581 1289 1646 severitatem

245 1690 351 1768 vultu,
366 1689 447 1755 unde
458 1697 561 1752 tamen
576 1688 654 1753 risus
668 1688 778 1771 aliquis
793 1690 954 1765 emineret,
971 1689 1078 1775 adeos
1089 1708 1286 1772 progressus:

249 1824 264 1850 u
281 1797 409 1872 Scitote,
421 1782 531 1878 inquit,
544 1794 735 1879 paucissimis
746 1796 795 1860 his
806 1795 912 1860 diebus
927 1816 1030 1882 regem
1046 1794 1210 1886 affuturum
1224 1815 1291 1859 cum

249 1932 264 1958 u
281 1905 387 1968 decem
402 1902 591 1988 legionibus,
611 1902 746 1985 equitum
763 1902 888 1986 triginta
901 1903 977 1967 levis
995 1910 1157 1968 armaturae
1171 1898 1296 1967 centurn

217 2036 219 2041 ·
249 2039 264 2067 u
281 2011 435 2094 millibus,
463 2009 633 2094 elephantis
658 2009 814 2074 trecentis.
842 2009 975 2102 Proinde
999 2009 1138 2074 desinant
1165 2008 1289 2093 quidam

250 2138 415 2202 *quaerere
428 2117 509 2183 ultra
529 2125 581 2182 aut
601 2117 738 2200 opinari,
762 2111 899 2201 mihique
916 2116 969 2200 qui
987 2115 1176 2201 compertum
1195 2117 1292 2181 habeo

250 2251 264 2276 a
282 2223 427 2287 credant:
442 2229 496 2297 out
509 2222 632 2305 quidem
645 2222 854 2287 vetustissima
865 2243 945 2306 nave
959 2222 1129 2305 impositos,
1147 2243 1292 2306 quocum-

252 2359 265 2385 υ
282 2350 343 2414 que
357 2335 468 2405 vento,
486 2327 519 2392 in
530 2325 738 2412 quascumque
750 2335 847 2393 terras
856 2330 969 2416 jubebo
981 2329 1069 2392 evehi
1084 2328 1135 2416 (ll.
1151 2362 1163 2385 n
1183 2330 1293 2399 Nonne

245 2435 333 2503 vides
350 2434 464 2511 milites
481 2456 522 2501 an
534 2456 608 2500 vera
623 2436 738 2500 diceret
758 2436 890 2519 primum
903 2435 1033 2511 dubios,
1055 2436 1163 2500 deinde
1178 2438 1292 2522 fingere

246 2544 331 2611 illum
348 2538 538 2627 suspicatos,
554 2543 594 2607 ad
611 2542 685 2606 illud
701 2543 825 2608 tandem
844 2563 957 2607 novum
975 2563 1072 2627 poenae
1087 2564 1183 2628 genus
1198 2543 1290 2608 ris'um

246 2671 307 2713 non
317 2650 453 2713 tenuisse
463 2650 475 2711 t
486 2648 568 2728 Quid
581 2655 685 2713 autem
697 2650 796 2713 minus
807 2648 986 2715 formidetur
998 2671 1090 2733 quem
1104 2652 1187 2734 quod
1199 2653 1292 2715 semel

246 2755 367 2822 irrisum
382 2760 442 2820 eet.
456 2754 571 2831 Audite
584 2761 706 2839 poetam
723 2760 881 2821 canentem
897 2778 904 2818 :
1040 2758 1046 2765 '

403 2913 469 2963 Nam
485 2911 581 2978 cupide
594 2910 760 2968 conculcetur
772 2913 850 2962 nimis
863 2919 923 2964 aute
938 2898 1075 2964 metulum.

291 3073 327 3143 In
342 3069 565 3135 narrationibus
579 3077 699 3145 eutem,
715 3051 806 3155 quam
821 3077 941 3134 versute
957 3071 1017 3135 alin
1030 3070 1150 3136 silentio
1162 3077 1195 3137 et
1207 3073 1294 3157 quasi

247 3180 355 3243 umbra
373 3185 493 3263 tegere,
518 3177 578 3241 alia
598 3177 796 3241 clarissimam
814 3178 846 3240 in
864 3178 961 3241 lucem
981 3178 1291 3264 proferresciat(21‚

248 3304 341 3369 quum
352 3281 453 3366 lepide
464 3302 556 3365 quam
567 3279 666 3344 facete
678 3282 869 3350 adversarios
882 3305 954 3347 suos
968 3292 1116 3367 tanquam
1125 3285 1155 3347 in
1169 3306 1295 3351 scenam

247 3389 395 3457 caminam
416 3387 590 3465 induxerit,
606 3407 696 3450 nemo
717 3396 764 3452 est
783 3388 835 3471 qui
853 3389 921 3452 belli
945 3390 1041 3454 civilis
1061 3392 1296 3455 commentarios

49 3484 59 3503 ”
143 3527 146 3531 ·
246 3497 374 3583 legendo
385 3514 445 3560 non
457 3494 573 3560 centies
585 3493 714 3571 miratus
729 3494 780 3558 sit.
792 3493 977 3560 Meministis
988 3483 1123 3580 profecto
1135 3496 1296 3583 Pompeia-

284 3744 314 3815 (l)
325 3748 403 3816 'Suet
416 3745 476 3795 ces.
486 3746 521 3795 tt.
1255 3806 1259 3812 Ι

267 3872 269 3877 .
282 3835 316 3899 tt)
332 3834 362 3900 Id
374 3841 438 3883 certe
450 3817 548 3900 caestus
558 3840 593 3882 est
603 3831 697 3882 Tullius
708 3847 714 3880 ε
726 3831 806 3897 negari
817 3841 910 3899 potest,
926 3834 950 3883 id
960 3833 1049 3886 fectum
1061 3851 1121 3902 esse,
1135 3833 1202 3903 quod
1213 3835 1298 3886 laude-

247 3931 303 3986 tur3
317 3930 358 3973 aut
371 3938 421 3972 non
434 3938 463 3972 eo
475 3921 574 3972 nornine
587 3920 738 3970 afficiendum
756 3936 804 3986 quo
816 3921 924 3972 laudator
936 3924 1059 3985 allecorit;
1078 3934 1119 3974 ant
1136 3924 1236 3976 omnino
1248 3941 1296 3975 nou

247 4029 298 4063 esse
309 4011 445 4075 laudabile,
466 4011 531 4078 quod
544 4026 593 4061 nou
602 4011 657 4076 jure
670 4007 757 4059 iactum
769 4010 815 4072 sit;
830 4011 917 4077 quibus
928 4013 1039 4079 erunibus
1051 4013 1177 4080 generibus
1194 4030 1250 4063 usus
1262 4023 1298 4063 est

247 4102 317 4152 nimis
329 4101 479 4170 impudenter
488 4104 565 4152 Cesar
576 4109 660 4150 contra
670 4102 783 4150 Catonem
794 4115 884 4150 meum.
897 4102 946 4153 Cic.
958 4103 1031 4170 topic.
1044 4106 1080 4154 25.
1115 4144 1119 4147 .

282 4193 385 4242 Gravius
398 4201 423 4242 et
434 4190 595 4253 uehementius
609 4189 672 4258 apud
685 4184 821 4241 sallrmintr
833 4195 893 4243 Cato
905 4191 935 4241 ad
949 4203 1090 4260 praesentem
1107 4202 1131 4243 et
1142 4191 1294 4242 audientem:

250 4300 263 4324 u
276 4281 322 4331 Hic
336 4280 396 4330 mihi
414 4274 541 4346 quisquam
553 4277 757 4329 mansueludinem
769 4285 793 4329 et
805 4277 991 4330 misericordiam
1003 4281 1130 4332 nominat?
1144 4279 1297 4347 Iampridem

247 4368 359 4437 equidem
371 4386 414 4421 nos
426 4385 480 4420 vern
493 4383 574 4420 rernm
587 4365 702 4429 vocabula
713 4365 876 4421 amisimunl...
889 4388 902 4415 n
917 4368 973 4420 Sall
984 4368 1106 4424 Carnos.
