2730 4966
671 339 840 402 ..32-.

233 479 303 540 dem
319 479 460 543 videatur
475 479 539 542 haec
556 478 707 562 elegantia
720 479 749 540 in
767 500 802 542 eo
818 478 909 542 luisse
922 478 1034 563 posita,
1052 485 1086 544 ut
1101 480 1279 566 eligerentur

141 610 147 624 .
231 586 272 648 ab
287 606 323 647 eo
339 588 428 649 rerba
444 607 515 649 vere
531 586 643 667 latina,
664 594 695 648 et
712 588 745 674 in,
759 587 796 649 iis
812 586 933 650 familiis
948 587 1073 663 usitata,
1092 609 1160 672 quae
1176 609 1280 672 purum

233 700 265 755 et
278 693 429 776 integrum
444 712 625 765 sermonem,
644 697 790 776 tanquam
805 693 1002 774 domesticum
1018 696 1173 776 quoddam
1186 696 1281 779 patri·

233 799 379 872 manium,
404 806 562 861 servarent
581 819 617 861 ac
640 804 805 862 tuerentur.
831 798 903 863 Non
927 800 1006 862 enim
1028 801 1109 883 apud
1127 802 1283 866 Romanos

171 917 175 925 '
232 905 291 969 hoc
312 906 369 969 dici
393 905 504 989 potuit,
527 907 609 989 quod
628 905 698 968 olim
717 902 848 988 aprima
863 905 926 969 fere
940 906 1049 991 linguae
1065 913 1179 971 nostrae
1195 916 1286 991 poeta

233 1013 347 1077 dictum
364 1020 395 1076 et
422 1012 666 1096 frequentissime
680 1011 788 1076 deinde
803 1023 995 1097 usurpatum,
1019 1036 1075 1077 nos
1095 1013 1225 1079 fortasse
1239 1016 1286 1078 ni·

233 1120 295 1184 mio
309 1142 388 1184 nunc
403 1119 548 1204 obsequio
558 1119 744 1193 factitamus,
758 1121 886 1184 atriviis
903 1128 934 1185 et
948 1143 966 1184 a
981 1121 1164 1186 mercatibus
1179 1130 1287 1206 peten-

232 1228 304 1291 dum
319 1249 385 1291 esse
398 1228 546 1291 intactum
560 1235 591 1290 et
604 1228 809 1311 incorruptum
822 1229 929 1310 patriae
943 1229 1053 1312 linguae
1068 1250 1169 1293 nsum.
1183 1230 1285 1308 Quum

233 1335 312 1397 enim
330 1335 359 1397 in
378 1335 475 1398 locum
494 1335 596 1419 populi
614 1356 685 1397 vere
698 1335 841 1404 Romani.
863 1336 1057 1421 jampridem
1074 1343 1122 1400 tot
1139 1343 1172 1400 et
1191 1337 1287 1401 tantis

233 1442 320 1506 bellis
334 1443 519 1526 consumpti,
535 1463 617 1507 nova
629 1442 660 1505 in
675 1443 739 1505 dies
754 1444 929 1506 succederet
941 1444 1031 1506 turba
1045 1464 1201 1506 servorum
1216 1451 1287 1508 curi-

233 1551 290 1614 ctis
304 1571 342 1613 ex
360 1549 450 1615 terris
467 1556 652 1632 coactorum,
678 1549 753 1613 mult
756 1550 870 1613 itndine
885 1551 1019 1633 quadam
1037 1551 1167 1614 variaet
1180 1551 1286 1615 incon·

232 1659 327 1723 stanti
344 1659 499 1721 nominum
519 1666 724 1731 externorum,
751 1665 898 1740 tanquam
919 1664 1006 1740 peste
1022 1658 1121 1742 magis
1136 1679 1172 1720 ac
1187 1659 1287 1758 magis

231 1748 483 1849 ingravescente,
508 1770 662 1846 turpatum
685 1761 778 1825 fuisse
799 1763 881 1844 vulgi
901 1784 1069 1826 sermonem
1085 1784 1209 1827 necesse
1225 1773 1284 1829 est.

232 1871 293 1936 Ubi
310 1870 403 1955 igitur
419 1870 568 1933 mansisse
584 1870 837 1933 credendumt
790 1880 837 1933 est
855 1890 962 1952 puram
981 1878 1012 1932 et
1026 1871 1178 1954 integram
1193 1872 1246 1935 lat
1225 1879 1287 1935 trne

234 1980 375 2064 loquendi
396 1979 663 2070 cousuetudineml
688 1979 811 2063 Magnis
833 1999 942 2060 nempe
961 1980 994 2040 in
1014 1978 1156 2043 domibus
1178 1979 1288 2043 nultius

232 2109 301 2151 cum
317 2087 452 2151 extemis
471 2086 628 2150 affinitatis
643 2085 711 2149 labe
725 2085 858 2150 foedatis.
878 2087 960 2169 Ergo
976 2107 1068 2168 penes
1083 2085 1151 2148 illas
1167 2107 1287 2170 qnoque

172 2248 179 2259 .
233 2195 376 2275 loquendi
392 2215 499 2256 norma
513 2200 545 2256 et
561 2193 717 2255 arbitrium
733 2213 799 2255 esse
815 2193 931 2256 debuit.
948 2191 992 2256 Ut
1008 2192 1111 2257 Caesar
1124 2193 1174 2256 ille
1189 2195 1288 2257 dicta-

234 2309 294 2374 tor,
310 2321 370 2362 noo
393 2299 524 2361 modoin
542 2298 757 2381 rempublicam
778 2308 871 2381 atque
887 2300 917 2360 in
935 2299 1038 2381 populi
1057 2301 1190 2362 Romani
1210 2301 1288 2365 vitas

233 2408 442 2492 fortunasque,
460 2409 514 2471 sed
529 2407 622 2471 etiarn
639 2408 669 2469 in
683 2407 816 2491 linguam
834 2415 865 2470 et
878 2424 1048 2470 sermonem
1063 2409 1284 2483 Rornanorum,

206 2600 211 2621 Ι
234 2518 395 2601 imperium
410 2516 561 2581 habuerit.
970 2509 973 2516 ’

147 2638 150 2645 ·
196 2616 209 2629 ”
277 2623 387 2706 Neque
402 2623 560 2685 existimes
574 2621 632 2687 hac
647 2643 717 2686 eum
732 2623 883 2685 modestia
897 2621 990 2686 luisse
1005 2627 1041 2685 ut
1055 2621 1137 2684 illam
1153 2622 1183 2685 in
1199 2623 1289 2709 sylla·

233 2733 289 2794 bas
302 2728 494 2815 tyrannidem
509 2736 676 2812 respueret,
693 2743 786 2811 atque
798 2749 835 2791 ea
850 2751 882 2791 se
899 2729 1066 2792 abdicaret.
1083 2729 1171 2792 Illam
1183 2739 1288 2795 contra

214 2826 320 2901 'tanta
342 2835 483 2918 superbia
506 2834 682 2918 saevitiaque
706 2837 863 2908 exercuit,
882 2842 997 2918 quanta
1017 2835 1199 2899 dictaturam
1222 2859 1288 2900 rno-

233 2942 387 3019 deratione
403 2950 434 3005 et
447 2943 617 3006 clementia.
637 2943 778 3006 Pluribus
794 2946 872 3005 enim
894 2943 1024 3018 arnissis,
1043 2951 1169 3007 exstant
1185 2951 1288 3010 tamen

235 3052 373 3136 plurimae
390 3050 563 3134 rogationes
576 3051 614 3113 ab
630 3070 667 3113 eo
683 3050 721 3113 de
735 3051 935 3134 grammatica
951 3049 1033 3126 latae,
1052 3071 1132 3134 quae,
1148 3051 1174 3113 si
1189 3074 1288 3137 popu-

236 3160 283 3222 lus
297 3179 351 3225 eas
364 3159 505 3242 jussisset
523 3178 559 3220 ac
576 3159 670 3221 tuitus
687 3165 790 3238 esset,
812 3156 945 3220 nonnihil
968 3159 1122 3220 turbarum
1140 3158 1170 3221 in
1186 3161 1290 3244 lingua

236 3264 330 3353 bttioa
345 3265 590 3328 concitavissent.
605 3265 739 3328 Exstant
757 3274 788 3328 et
805 3267 942 3348 quaedam
959 3266 1024 3350 ejus
1035 3265 1159 3351 judicia,
1179 3269 1289 3351 quibas

236 3371 330 3436 verba
346 3372 490 3434 nonnulla
505 3371 680 3445 damnavit,
707 3371 811 3453 eisque
830 3371 954 3434 civitate
970 3392 1095 3434 romana
1117 3372 1285 3438 interdixit.

237 3481 346 3545 Nonne
367 3480 497 3562 denique
522 3480 552 3541 id
575 3500 688 3563 novum
712 3500 747 3542 ac
769 3478 876 3541 mirum
902 3486 961 3561 est,
986 3480 1098 3543 nostris
1120 3483 1288 3564 praesertim

208 3583 381 3659 asmondus,
401 3587 552 3651 Caesarem
568 3586 652 3647 illum
669 3608 759 3668 quem
776 3607 831 3648 nos
849 3587 887 3649 de
904 3587 1071 3670 subigendo
1094 3589 1141 3651 vel
1157 3591 1288 3673 regendo

238 3707 386 3762 terrarum
404 3695 475 3756 orbe
496 3714 616 3775 semper
637 3693 821 3776 cogitantem
842 3693 929 3756 nobis
948 3695 1100 3780 fingimus,
1124 3696 1164 3757 ad
1184 3695 1215 3757 id
1234 3697 1289 3759 de-

237 3804 380 3866 scendere
395 3809 428 3863 ut
442 3801 619 3865 Ciceronem
633 3802 812 3864 Atticum‘ve
824 3803 933 3867 doceat
946 3800 1039 3865 latine
1054 3801 1156 3885 loquil
1173 3803 1289 3867 Audite

237 3915 340 3972 tamen
362 3907 570 3991 tunctorum,
593 3929 631 3970 ex
652 3908 781 4007 epistola
796 3906 949 3972 Ciceronis
964 3909 1005 3972 ad
1020 3908 1160 3972 Atticum
1177 3930 1289 3975 excer-

238 4025 400 4102 ptum:
388 4015 528 4079 Cacsar
551 4024 653 4080 autem
676 4015 748 4078 mibi
770 4015 895 4080 irridere
915 4016 998 4080 visus
1020 4023 1067 4080 est
1088 4028 1194 4105 quoeao
1216 3996 1289 4081 illud

244 4155 257 4179 u
277 4118 375 4206 tbum,
390 4125 470 4208 quod
484 4133 579 4189 erat
559 4133 702 4198 ευπινεςε
689 4126 860 4190 turbarum
876 4124 956 4212 [lli
944 4124 1093 4221 Audite
1104 4124 1184 4195 banc
1195 4124 1289 4190 elram

276 4356 308 4420 (l)
326 4354 374 4405 cia
388 4354 464 4420 Epist.
477 4353 506 4403 ad
516 4356 568 4405 Aa.
578 4355 647 4421 last.
