2730 4966
588 269 823 359 -at-'

21 456 25 463 ·
43 428 56 477 5·
151 441 212 504 sari
224 447 258 506 et
270 439 405 505 aemulari
415 442 584 524 profitetur,
596 447 631 503 ut
642 439 680 501 ab
691 412 819 516 inimicis
832 437 895 500 suis
910 467 922 488 u
936 432 1093 500 inductum
1106 442 1138 500 et
1150 437 1194 499 de·

155 577 168 601 u
185 557 346 631 pravatum
362 526 543 629 Pompeium
560 556 715 629 queratur,
731 543 848 607 invidia
863 556 956 626 atque
978 543 1196 606 obtrectatione

154 683 167 707 u
182 654 282 730 laudis
292 675 366 728 suae,
379 655 466 739 cujus
474 655 541 736 ipse
552 652 693 735 dignitati
702 659 733 715 ct
742 651 848 715 houbri
861 672 980 734 semper
990 649 1101 729 [averit
1112 648 1169 735 (l).
1183 683 1193 704 n

151 740 236 825 Tunc
252 760 375 827 demum
389 780 497 822 vocem
519 757 611 831 tollit,
628 776 697 821 cum
716 779 769 820 eos
787 739 992 820 misericordia
1005 756 1146 836 affectos
1166 764 1195 819 et

149 865 330 950 indignitate
355 868 398 929 rei
418 856 653 930 exardescentes
672 864 703 928 in
723 865 786 927 iras
811 863 912 942 videt3
938 871 1010 928 tunc
1030 865 1155 927 demum
1170 871 1199 927 et

86 984 90 993 ’
150 968 270 1035 labores
284 978 316 1036 et
337 971 483 1059 pericula,
502 980 533 1037 et
557 971 711 1048 victorias
731 991 858 1054 quarum
875 990 927 1057 eos
939 976 1036 1035 testes
1051 969 1157 1034 habuit
1171 979 1200 1035 et

152 1077 249 1142 socios
261 1088 490 1142 commemorat.

198 1185 292 1248 Haud
304 1186 392 1250 aliter
403 1186 434 1248 in
444 1185 588 1250 concione
600 1190 671 1248 ante
677 1184 883 1249 Pharsalicam
896 1204 1029 1267 pugnam
1041 1183 1159 1260 habita,
1170 1193 1200 1247 ut

151 1289 257 1355 sercin
271 1294 420 1367 omnibus.
439 1295 521 1377 apud
531 1293 701 1372 Lucanum,
716 1293 951 1356 declamatorem
967 1293 1132 1375 quemdam
1146 1314 1199 1354 au·

151 1396 203 1464 dio
215 1399 446 1463 admirationem
461 1400 543 1484 vulgi
559 1399 658 1463 verbis
672 1399 845 1484 ingentibus
860 1405 891 1462 et
906 1398 1199 1475 interdum-demen-

153 1504 235 1568 tibus
247 1513 423 1589 captantem
437 1529 444 1568 :

312 1664 325 1692 «
377 1644 476 1694 Videor
488 1644 581 1693 fluvios
593 1649 710 1710 spectare
723 1645 835 1702 cruoris,

313 1754 325 1782 ι
341 1734 510 1802 Calcatosque
521 1734 596 1784 simul
612 1751 699 1799 reges,
711 1749 882 1799 sparsumque
892 1738 997 1783 senatus

313 1843 326 1871 a
343 1826 449 1891 Corpus,
464 1830 490 1874 et
501 1828 628 1875 immensa
637 1823 748 1889 populos
759 1823 785 1871 in
795 1823 868 1873 caede
885 1828 1000 1888 natantes
1009 1826 1075 1888 (9).»

157 1962 279 2042 Quanto
296 1967 402 2042 satius
420 1975 594 2050 quantoque
608 1964 766 2029 honestius
776 1965 890 2038 Caesar,
915 1995 928 2016 u
954 1965 1120 2028 exercitum
1135 1987 1200 2029 cum

161 2100 173 2121 a
192 2073 312 2136 militari
330 2095 413 2136 more
429 2074 468 2136 ad
483 2094 617 2158 pugnam
634 2072 854 2145 cohortaretur,
869 2092 984 2154 suaque
1003 2071 1032 2132 in
1048 2092 1117 2135 eum
1132 2093 1199 2155 per·

161 2205 174 2228 u
194 2179 277 2257 petui
296 2180 443 2261 temporis
460 2179 557 2266 officia
570 2181 758 2261 praedicaret‚
777 2179 807 2240 in
819 2179 924 2262 primis
939 2180 1200 2256 commemoravit,

161 2311 174 2334 a
192 2284 320 2346 testibus
330 2306 362 2348 se
376 2284 521 2348 militibus
532 2285 574 2348 uti
587 2307 687 2368 posse,
700 2293 816 2368 quanto
830 2286 930 2348 studio
940 2307 1045 2368 pacem
1056 2287 1199 2368 petisset:

161 2417 175 2442 α
195 2409 262 2472 quae
286 2412 339 2474 per
360 2392 519 2457 Vatinium
540 2392 569 2455 in
584 2391 750 2476 colloquiis,
767 2413 833 2475 quae
848 2413 902 2475 per
916 2392 959 2455 A.
974 2391 1113 2455 Clodium
1135 2414 1200 2456 cum

163 2526 176 2550 u
193 2496 337 2581 Scipione
346 2499 477 2584 egisset;
493 2501 602 2584 quibus
614 2500 711 2563 modis
723 2500 762 2562 ad
774 2498 898 2564 Oricum
908 2500 945 2562 de
957 2498 1113 2562 mittendis
1126 2500 1204 2584 lega-

164 2632 176 2654 α
195 2604 236 2666 tis
251 2606 471 2680 contendisset;
492 2627 591 2689 neque
606 2628 639 2670 se
653 2627 788 2689 unquam
801 2607 886 2669 abuti
900 2605 1028 2670 militum
1044 2606 1200 2690 sanguine,

164 2739 176 2760 u
194 2728 294 2792 neque
306 2712 521 2795 rempublicam
534 2713 680 2780 alterutro
692 2712 827 2775 exercitu
842 2715 960 2795 privare
974 2713 1103 2777 voluisse
1117 2713 1171 2800 (3).
1187 2746 1198 2769 ιι

159 2815 236 2878 Haec
249 2825 336 2881 erant
351 2816 417 2905 ejus
428 2819 585 2882 modestiae
600 2827 631 2882 et
645 2818 807 2892 comitatis
824 2817 889 2883 haec
907 2821 972 2905 ejus
988 2818 1162 2884 calliditatis
1174 2829 1204 2885 et

51 2906 54 2913 ⁴
158 2923 288 2988 solertiae
303 2946 309 2986 ε
324 2925 398 2988 illud
411 2935 511 2990 autem
525 2927 623 2989 dirum
637 2925 840 3008 spectaculum
852 2948 910 2989 non
925 2928 1014 2990 modo
1026 2949 1085 2990 non
1098 2923 1203 3010 optare

157 3028 258 3112 putuit
268 3029 383 3109 Caesan
398 3033 451 3096 sed
464 3054 501 3095 ne
513 3032 612 3095 bellua
624 3032 745 3116 quidem
756 3031 861 3094 videre
871 3033 964 3096 oculis
975 3033 1124 3097 irretortis
1136 3056 1203 3097 sus-

157 3136 262 3199 tineat.
280 3139 442 3202 Postremo
458 3140 529 3222 quid
545 3140 673 3203 sentiam
691 3141 729 3202 de
741 3148 869 3223 utroque
881 3140 1015 3224 aperiam
1029 3140 1137 3203 vultist
1151 3143 1202 3205 An

156 3261 204 3304 res
220 3237 342 3307 valeant
361 3245 464 3309 Caesar
479 3248 597 3329 quaerit,
619 3269 658 3309 an
676 3248 769 3310 verba
789 3248 969 3329 splendeant
988 3248 1140 3313 Lucanus,
1158 3249 1205 3312 Illi

155 3349 230 3413 satis
246 3358 305 3433 est,
323 3351 349 3415 si
364 3352 463 3436 sapiat
476 3353 590 3430 oratio;
603 3353 671 3417 huic
686 3374 722 3416 ea
734 3353 856 3417 demum
869 3375 976 3437 sapere
991 3355 1123 3435 videtur,
1137 3378 1205 3440 qnae

156 3455 262 3543 fulget.

200 3565 273 3629 Inde
288 3566 380 3651 igitur
395 3567 588 3632 manifestum
605 3589 672 3631 esse
689 3568 831 3644 arbitror,
852 3576 999 3652 quantum
1017 3571 1058 3635 sit
1070 3577 1101 3635 et
1113 3591 1205 3656 quarn

154 3673 1206 3761 arduum,intractandishominummentibusmodumteneramque

154 3777 250 3842 solum
265 3778 368 3863 nidere
381 3782 454 3865 quid
469 3783 510 3847 sit
522 3783 693 3862 dicendum,
708 3784 762 3846 sed
774 3783 866 3846 etiam
880 3784 953 3866 quid
968 3806 1026 3847 non
1042 3786 1204 3849 dicendum

114 3959 117 3965 A
153 3886 204 3950 sit.
222 3887 322 3965 Quam
333 3889 526 3971 prudentiam
537 3889 567 3952 in
581 3890 701 3954 Caesare
713 3889 896 3975 singularem
908 3912 943 3954 ac
953 3913 1106 3956 summam
1119 3893 1205 3956 inve-

112 4030 122 4079 1
153 3993 265 4059 nimus.
283 3995 398 4061 Omnes
415 3996 495 4060 enim
509 3996 805 4061 Commentariorum
822 3997 974 4062 orationes
988 3999 1059 4064 licet
1077 4021 1204 4084 percen-

192 4208 223 4279 (ll
235 4213 291 4263 Cres}
310 4213 413 4284 delllcll.
425 4214 478 4266 Cir.
490 4218 514 4277 l,
527 4219 548 4268 l.
561 4242 596 4257 ω-
608 4219 640 4280 (2)
657 4220 713 4266 Luc.
728 4214 813 4286 i‘liars.¹
827 4220 850 4284 7,
863 4218 913 4267 atu
928 4241 964 4254 ·-
975 4214 1008 4285 (3)
1021 4219 1082 4268 Cas.
1097 4214 1127 4266 de
1142 4217 1204 4268 Bell.

155 4301 208 4354 uir.
219 4303 243 4350 3.
257 4305 295 4352 90.
