2730 4966
680 354 830 429 ’τῖθ-

248 524 261 548 ι
282 514 342 578 que
363 496 464 580 populi
486 497 616 561 Romani
633 502 756 580 gratum
780 515 848 558 esse
868 491 1040 570 facturum:
1060 494 1091 558 id
1110 516 1144 559 se
1164 495 1203 559 ab
1218 493 1292 577 ipsis

250 623 336 685 uper
355 623 458 666 eorum
483 604 604 667 nuntios
629 610 817 686 compertum
842 602 973 670 babere:
1001 623 1128 685 quorum
1153 601 1286 665 omniurn

250 740 261 760 ·
281 709 409 793 gratiam
424 719 516 793 atque
534 709 699 775 amicitiam
711 710 776 795 ejus
799 715 897 772 morte
911 708 1059 773 redimere
1075 715 1182 792 posset
1194 706 1254 794 (ll;
1274 740 1286 762 n

243 815 395 898 quomodo
409 814 469 879 ista
482 816 522 878 ad
533 816 688 899 postulata
702 815 834 879 Caesnris
844 814 1049 898 respondeant
1062 815 1217 878 miramur.
1228 815 1291 878 ‘Ubi

242 930 343 986 autem
360 923 528 1008 cogitamus
545 922 803 1007 quantumhioex
817 922 982 1005 improviso
1002 930 1033 986 et
1050 918 1138 1007 quasi
1156 943 1197 986 ax
1217 921 1291 986 insi·

242 1029 301 1092 diis
322 1030 353 1091 in
368 1028 497 1094 Caesaris
511 1029 650 1095 inimicos
668 1029 781 1094 crimen
803 1031 989 1106 intendatur,
1008 1050 1102 1112 quum
1116 1026 1209 1093 fuisse
1225 1028 1292 1093 illos

240 1136 348 1220 patriae
363 1137 542 1221 proditores,
560 1144 675 1203 etcum
693 1136 794 1221 populi
809 1136 943 1200 Romani
955 1136 1042 1200 hoste
1063 1136 1190 1201 consilia
1212 1156 1292 1200 corn·

242 1243 412 1308 municasse
433 1246 583 1330 exipsius
606 1244 685 1308 illius
707 1243 804 1307 hostis
821 1242 1011 1307 confessione
1038 1251 1197 1327 appareat,
1214 1242 1288 1306 nihil

239 1352 302 1437 jam
319 1351 474 1428 miramur,
488 1359 608 1416 cuncta
630 1352 759 1435 liquent.
779 1351 850 1415 Non
875 1350 1053 1435 negaverim
1069 1350 1210 1433 equidem
1231 1350 1292 1414 tale

242 1459 407 1542 quidquam
422 1461 460 1523 ab
472 1460 631 1524 Ariovisto
655 1460 713 1523 dici
729 1459 866 1542 potuisse
882 1482 889 1531 ;
906 1459 984 1521 haud
1007 1458 1173 1521 absurdum
1189 1465 1291 1521 tamen

242 1573 289 1630 est
304 1567 448 1649 suspicari
462 1567 520 1631 hoo
534 1588 553 1630 a
567 1566 689 1632 Caesare
705 1565 877 1648 expolitum
892 1572 924 1628 et
937 1572 1077 1629 ornatum
1097 1563 1190 1628 fuisse
1204 1565 1291 1648 quasi

241 1674 355 1747 telum3
380 1676 459 1738 baud
474 1674 596 1739 dubium
612 1682 693 1737 certe
710 1681 769 1747 est,
788 1694 856 1736 eum
872 1673 930 1736 sibi
949 1693 985 1736 ao
999 1671 1126 1736 fortunae
1141 1691 1203 1736 suae
1218 1693 1291 1757 gra·

241 1782 371 1845 tulatum
382 1780 475 1845 fuisse
484 1783 565 1865 quod
579 1781 701 1844 homine
711 1781 853 1857 barbaro,
867 1780 952 1843 nulla
963 1801 1066 1845 secum
1081 1779 1214 1844 amicitia
1225 1801 1292 1842 con·

237 1888 356 1973 juncto,
381 1897 472 1971 atque
493 1888 537 1951 ita
553 1887 676 1951 minime
697 1894 850 1970 suspecto,
868 1893 1016 1970 tanquam
1040 1893 1216 1950 accusatore
1235 1888 1291 1950 ad-

240 2015 347 2059 versus
362 1995 512 2072 inimicos,
531 1995 576 2059 uti
590 2001 709 2079 posset.
763 2032 767 2039 -

283 2103 386 2167 Vultis
399 2124 477 2167 nunc
492 2105 632 2187 quaedam
655 2100 754 2165 afferri
775 2121 843 2186 quae
857 2101 1007 2186 purgandi
1028 2099 1075 2164 sui
1088 2121 1181 2164 causa
1195 2101 1291 2184 scrip-

240 2209 334 2272 seritt
349 2210 526 2274 Orationem
550 2230 707 2272 sumamus
730 2229 791 2291 qua
806 2208 1048 2272 Massiliensibus
1067 2207 1166 2271 suasit
1185 2215 1221 2271 ut
1235 2208 1290 2271 sibi

240 2325 345 2397 portas
364 2315 448 2377 urbis
466 2315 661 2398 aperirentqu
678 2312 756 2377 Cum
775 2314 822 2378 his
843 2314 927 2397 agit,
945 2335 985 2376 ne
999 2313 1118 2377 initium
1143 2312 1290 2377 inferendi

245 2453 257 2477 n
276 2421 346 2486 belli
360 2443 378 2486 a
392 2421 634 2486 Massiliensibus
648 2422 762 2486 oriatur
777 2446 785 2498 ;
800 2422 910 2485 debere
925 2442 976 2484 eos
992 2422 1088 2485 Italiae
1103 2423 1198 2484 totius
1216 2440 1289 2510 auc·

244 2535 257 2583 i
276 2529 430 2594 toritatem
448 2530 534 2612 sequi
549 2530 753 2613 potiusquam
774 2529 860 2593 unius
874 2528 1004 2592 hominis
1015 2527 1164 2592 voluntati
1178 2528 1291 2590 obtein-

244 2665 258 2688 u
277 2656 393 2718 perare.
411 2635 553 2719 Reliqua,
572 2657 640 2719 quae
654 2637 694 2699 ad
714 2637 866 2700 sanandas
885 2657 989 2700 eorum
1004 2642 1123 2699 mentes
1139 2634 1290 2718 pertinere

245 2772 258 2795 u
276 2741 491 2818 arbitrabatur,
510 2751 728 2806 commemorat
742 2744 793 2829 (⁶2).
816 2775 828 2798 n
847 2742 960 2806 Omisit
976 2743 1067 2826 igitur
1083 2742 1167 2805 illam
1179 2743 1288 2806 oratio·

136 2882 148 2936 3
238 2869 320 2928 nem,
338 2849 494 2934 indignam
512 2870 585 2913 sane
600 2871 639 2913 ex
658 2852 723 2935 ejus
739 2849 901 2925 sententia,
917 2869 984 2933 quae
996 2849 1027 2913 in
1039 2848 1287 2913 Commentarios

240 2964 320 3020 esset
334 2956 445 3031 relata;
460 2941 514 3020 sed
528 2965 624 3020 totam
639 2978 698 3019 non
709 2956 832 3021 omisit.
846 2955 931 3035 'Quid
953 2956 1047 3042 igitur
1062 2977 1102 3019 ex
1115 2977 1152 3020 ea
1164 2956 1288 3040 potissi·

242 3085 322 3127 murn
347 3063 507 3148 excerpitt
525 3064 606 3144 Quid
632 3065 762 3150 posteris
785 3064 966 3129 tradendum
997 3063 1104 3128 curatl
1127 3093 1140 3118 a
1166 3063 1288 3128 Debere

150 3192 156 3205 ³
245 3201 258 3223 κ
277 3192 340 3247 eos,
361 3171 487 3246 scilicet,
503 3172 596 3235 totins
611 3172 709 3236 Italiae
733 3172 949 3237 auctoritatem
966 3169 1051 3254 sequi
1064 3170 1177 3255 potine,
1197 3146 1289 3254 qu'alm

246 3307 259 3330 u
278 3279 366 3342 unius
386 3277 517 3341 hominis
542 3280 691 3343 voluntati
714 3280 937 3363 obtemperare.
959 3311 971 3335 n
999 3278 1056 3343 Cui
1078 3299 1139 3342 non
1160 3286 1290 3362 apparet

241 3385 319 3449 hanc
337 3406 405 3448 eum
428 3384 600 3468 opinionem
624 3406 723 3448 serere
739 3384 882 3461 voluisse,
905 3405 1007 3449 secum
1026 3405 1093 3449 esse
1116 3384 1237 3449 ltaliam
1258 3391 1290 3447 et

239 3494 393 3575 Romam,
416 3513 518 3556 secum
546 3500 626 3556 stare
655 3492 738 3576 leges
760 3500 793 3556 et
816 3493 889 3556 deos
912 3492 1043 3577 patriae;
1074 3493 1221 3557 adversus
1255 3511 1288 3554 sa

238 3618 332 3662 uuum
352 3619 419 3662 esse
444 3598 609 3662 hominem.
631 3601 714 3683 Ergo
737 3620 805 3663 curn
827 3599 965 3683 Pompeii
987 3600 1081 3684 legati
1098 3600 1183 3662 cives
1199 3605 1290 3662 orant

240 3707 322 3771 Orici
344 3714 437 3788 atque
462 3706 644 3791 Apolloniae,
658 3714 694 3772 ut
716 3705 754 3771 ad
778 3706 932 3772 Caesarem
946 3709 1108 3773 arcendum
1131 3728 1217 3770 arma
1239 3727 1290 3771 ca·

239 3812 335 3895 piant,
349 3813 420 3896 quid
432 3817 649 3896 respondentes
658 3815 783 3879 Graecos
793 3816 1002 3880 inducitlr'Se
1012 3827 1118 3880 contra
1128 3815 1288 3898 imperium

243 3950 256 3973 κ
274 3920 377 4004 populi
392 3921 523 3984 Romani
540 3931 727 4007 pugnaturos
742 3923 972 4010 negant....(3).
989 3923 1031 3987 Sa
1046 3931 1151 4007 portas
1174 3921 1289 3986 consuli

243 4058 255 4083 u
275 4049 334 4092 non
362 4028 576 4113 praeclusuros,
606 4050 704 4112 neque
731 4029 786 4093 sibi
812 4029 959 4115 judicium
984 4039 1159 4116 sumpturos
1183 4039 1290 4095 contra

275 4281 308 4354 (l)
327 4287 386 4339 Caes.
400 4283 430 4334 de
441 4283 503 4338 Bell.
516 4284 580 4335 Gall·
594 4287 617 4350 l,
630 4286 665 4338 lt.
680 4310 714 4322 -
733 4283 765 4354 (Ξ)
784 4288 844 4339 Cres.
860 4283 890 4335 de
902 4285 963 4341 Bell.
978 4285 1028 4336 cn.
1041 4287 1064 4356 l,
1078 4288 1114 4337 85.

277 4370 497 4444 lucenam.
513 4374 650 4444 enan,
942 4385 952 4396 a
