<?xml version="1.0" encoding="UTF-8"?>
<!DOCTYPE html PUBLIC "-//W3C//DTD XHTML 1.0 Transitional//EN"
    "http://www.w3.org/TR/xhtml1/DTD/xhtml1-transitional.dtd">
<html xmlns="http://www.w3.org/1999/xhtml" xml:lang="en" lang="en">
 <head>
  <title>
</title>
<meta http-equiv="Content-Type" content="text/html;charset=utf-8" />
  <meta name='ocr-system' content='tesseract 3.04.00' />
  <meta name='ocr-capabilities' content='ocr_page ocr_carea ocr_par ocr_line ocrx_word'/>
</head>
<body>
  <div class='ocr_page' id='page_1' title='image "./decaiijuliicaes00lislgoog_0023.png"; bbox 0 0 2730 4966; ppageno 0'>
   <div class='ocr_carea' id='block_1_1' title="bbox 592 358 768 424">
    <p class='ocr_par' dir='ltr' id='par_1_1' title="bbox 592 358 768 424">
     <span class='ocr_line' id='line_1_1' title="bbox 592 358 768 424; baseline -0.006 -14"><span class='ocrx_word' id='word_1_1' title='bbox 592 358 768 424; x_wconf 85' lang='lat'>-14-</span> 
     </span>
    </p>
   </div>
   <div class='ocr_carea' id='block_1_2' title="bbox 98 501 1240 3702">
    <p class='ocr_par' dir='ltr' id='par_1_2' title="bbox 98 501 1240 2198">
     <span class='ocr_line' id='line_1_2' title="bbox 155 501 1240 589; baseline -0.004 -21"><span class='ocrx_word' id='word_1_2' title='bbox 155 504 264 589; x_wconf 88' lang='lat' dir='ltr'>quibus</span> <span class='ocrx_word' id='word_1_3' title='bbox 282 513 372 570; x_wconf 89' lang='lat' dir='ltr'>acuat</span> <span class='ocrx_word' id='word_1_4' title='bbox 390 511 482 587; x_wconf 89' lang='lat' dir='ltr'>atque</span> <span class='ocrx_word' id='word_1_5' title='bbox 503 502 655 566; x_wconf 87' lang='lat' dir='ltr'>incendat.</span> <span class='ocrx_word' id='word_1_6' title='bbox 683 501 771 566; x_wconf 93' lang='lat' dir='ltr'>Illum</span> <span class='ocrx_word' id='word_1_7' title='bbox 791 502 872 565; x_wconf 89' lang='lat' dir='ltr'>enim</span> <span class='ocrx_word' id='word_1_8' title='bbox 894 501 1050 566; x_wconf 84' lang='lat' dir='ltr'>latendum</span> <span class='ocrx_word' id='word_1_9' title='bbox 1076 509 1145 574; x_wconf 77' lang='lat' dir='ltr'>est,</span> <span class='ocrx_word' id='word_1_10' title='bbox 1169 509 1198 565; x_wconf 93' lang='lat' dir='ltr'>ut</span> <span class='ocrx_word' id='word_1_11' title='bbox 1239 527 1240 531; x_wconf 43' lang='lat'>¹</span> 
     </span>
     <span class='ocr_line' id='line_1_3' title="bbox 154 610 1196 695; baseline -0.003 -18"><span class='ocrx_word' id='word_1_12' title='bbox 154 633 274 677; x_wconf 89' lang='lat' dir='ltr'>summo</span> <span class='ocrx_word' id='word_1_13' title='bbox 287 613 317 675; x_wconf 93' lang='lat' dir='ltr'>in</span> <span class='ocrx_word' id='word_1_14' title='bbox 332 613 445 676; x_wconf 86' lang='lat' dir='ltr'><strong>honore</strong></span> <span class='ocrx_word' id='word_1_15' title='bbox 461 611 602 675; x_wconf 84' lang='lat' dir='ltr'>habuisse</span> <span class='ocrx_word' id='word_1_16' title='bbox 612 611 741 675; x_wconf 88' lang='lat' dir='ltr'>virtutes</span> <span class='ocrx_word' id='word_1_17' title='bbox 754 632 822 695; x_wconf 85' lang='lat' dir='ltr'>quae</span> <span class='ocrx_word' id='word_1_18' title='bbox 833 610 924 675; x_wconf 92' lang='lat' dir='ltr'>modo</span> <span class='ocrx_word' id='word_1_19' title='bbox 938 611 994 674; x_wconf 92' lang='lat' dir='ltr'>sibl</span> <span class='ocrx_word' id='word_1_20' title='bbox 1006 611 1196 694; x_wconf 75' lang='lat' dir='ltr'><strong>prodessent,</strong></span> 
     </span>
     <span class='ocr_line' id='line_1_4' title="bbox 154 716 1199 804; baseline -0.003 -21"><span class='ocrx_word' id='word_1_21' title='bbox 154 719 199 785; x_wconf 86' lang='lat' dir='ltr'>ito</span> <span class='ocrx_word' id='word_1_22' title='bbox 213 719 295 784; x_wconf 87' lang='lat' dir='ltr'>vitiis</span> <span class='ocrx_word' id='word_1_23' title='bbox 306 719 415 802; x_wconf 84' lang='lat' dir='ltr'>saepius</span> <span class='ocrx_word' id='word_1_24' title='bbox 426 738 513 783; x_wconf 89' lang='lat' dir='ltr'>usum</span> <span class='ocrx_word' id='word_1_25' title='bbox 530 718 636 792; x_wconf 85' lang='lat' dir='ltr'>suisse;</span> <span class='ocrx_word' id='word_1_26' title='bbox 654 726 688 782; x_wconf 90' lang='lat' dir='ltr'>ut</span> <span class='ocrx_word' id='word_1_27' title='bbox 705 717 848 802; x_wconf 81' lang='lat' dir='ltr'>perluit,</span> <span class='ocrx_word' id='word_1_28' title='bbox 865 725 970 782; x_wconf 89' lang='lat' dir='ltr'>contra</span> <span class='ocrx_word' id='word_1_29' title='bbox 986 719 1037 804; x_wconf 81' lang='lat' dir='ltr'>jus</span> <span class='ocrx_word' id='word_1_30' title='bbox 1052 724 1084 781; x_wconf 92' lang='lat' dir='ltr'>et</span> <span class='ocrx_word' id='word_1_31' title='bbox 1099 716 1147 781; x_wconf 87' lang='lat' dir='ltr'>las</span> <span class='ocrx_word' id='word_1_32' title='bbox 1164 718 1199 780; x_wconf 88' lang='lat' dir='ltr'>ad</span> 
     </span>
     <span class='ocr_line' id='line_1_5' title="bbox 98 817 1201 913; baseline 0.001 -23"><span class='ocrx_word' id='word_1_33' title='bbox 98 817 102 822; x_wconf 65' lang='grc'>’</span> <span class='ocrx_word' id='word_1_34' title='bbox 152 826 311 910; x_wconf 90' lang='lat' dir='ltr'>imperium</span> <span class='ocrx_word' id='word_1_35' title='bbox 322 826 483 910; x_wconf 81' lang='lat' dir='ltr'>grassanti.</span> <span class='ocrx_word' id='word_1_36' title='bbox 496 825 702 913; x_wconf 74' lang='lat' dir='ltr'><strong>Cupiditatem</strong></span> <span class='ocrx_word' id='word_1_37' title='bbox 713 825 879 909; x_wconf 76' lang='lat' dir='ltr'>praesertim</span> <span class='ocrx_word' id='word_1_38' title='bbox 888 833 918 889; x_wconf 93' lang='lat' dir='ltr'>et</span> <span class='ocrx_word' id='word_1_39' title='bbox 928 833 1055 901; x_wconf 90' lang='lat' dir='ltr'>metum,</span> <span class='ocrx_word' id='word_1_40' title='bbox 1067 844 1201 898; x_wconf 83' lang='lat' dir='ltr'>summos</span> 
     </span>
     <span class='ocr_line' id='line_1_6' title="bbox 152 932 1202 1017; baseline -0.002 -21"><span class='ocrx_word' id='word_1_41' title='bbox 152 932 220 997; x_wconf 85' lang='lat' dir='ltr'>illos</span> <span class='ocrx_word' id='word_1_42' title='bbox 229 933 448 998; x_wconf 74' lang='lat' dir='ltr'>vitaehumanae</span> <span class='ocrx_word' id='word_1_43' title='bbox 462 935 553 998; x_wconf 86' lang='lat' dir='ltr'>duces</span> <span class='ocrx_word' id='word_1_44' title='bbox 568 940 599 997; x_wconf 91' lang='lat' dir='ltr'>et</span> <span class='ocrx_word' id='word_1_45' title='bbox 610 934 820 1017; x_wconf 86' lang='lat' dir='ltr'>imperatores,</span> <span class='ocrx_word' id='word_1_46' title='bbox 832 934 871 996; x_wconf 88' lang='lat' dir='ltr'>ad</span> <span class='ocrx_word' id='word_1_47' title='bbox 884 934 1008 997; x_wconf 91' lang='lat' dir='ltr'>consilia</span> <span class='ocrx_word' id='word_1_48' title='bbox 1020 932 1202 1017; x_wconf 87' lang='lat' dir='ltr'>perficienda</span> 
     </span>
     <span class='ocr_line' id='line_1_7' title="bbox 154 1039 1203 1128; baseline 0 -24"><span class='ocrx_word' id='word_1_49' title='bbox 154 1041 252 1105; x_wconf 85' lang='lat' dir='ltr'>socios</span> <span class='ocrx_word' id='word_1_50' title='bbox 273 1041 328 1105; x_wconf 88' lang='lat' dir='ltr'>sibi</span> <span class='ocrx_word' id='word_1_51' title='bbox 349 1042 497 1128; x_wconf 82' lang='lat' dir='ltr'>adjuntrit.</span> <span class='ocrx_word' id='word_1_52' title='bbox 514 1040 575 1104; x_wconf 89' lang='lat' dir='ltr'>His</span> <span class='ocrx_word' id='word_1_53' title='bbox 597 1041 718 1105; x_wconf 83' lang='lat' dir='ltr'>auxiliis</span> <span class='ocrx_word' id='word_1_54' title='bbox 737 1048 876 1104; x_wconf 86' lang='lat' dir='ltr'>senatum</span> <span class='ocrx_word' id='word_1_55' title='bbox 898 1042 938 1105; x_wconf 91' lang='lat' dir='ltr'>de</span> <span class='ocrx_word' id='word_1_56' title='bbox 956 1058 1045 1125; x_wconf 84' lang='lat' dir='ltr'>prena</span> <span class='ocrx_word' id='word_1_57' title='bbox 1064 1039 1203 1106; x_wconf 76' lang='lat' dir='ltr'>Catilina</span> 
     </span>
     <span class='ocr_line' id='line_1_8' title="bbox 154 1148 1203 1233; baseline -0.003 -18"><span class='ocrx_word' id='word_1_58' title='bbox 154 1149 342 1215; x_wconf 86' lang='lat' dir='ltr'>consciorum</span> <span class='ocrx_word' id='word_1_59' title='bbox 358 1149 574 1212; x_wconf 82' lang='lat' dir='ltr'>deliberantem</span> <span class='ocrx_word' id='word_1_60' title='bbox 593 1148 622 1211; x_wconf 94' lang='lat' dir='ltr'>in</span> <span class='ocrx_word' id='word_1_61' title='bbox 638 1168 723 1212; x_wconf 89' lang='lat' dir='ltr'>suam</span> <span class='ocrx_word' id='word_1_62' title='bbox 737 1149 931 1224; x_wconf 82' lang='lat' dir='ltr'>sententiam,</span> <span class='ocrx_word' id='word_1_63' title='bbox 951 1149 1092 1233; x_wconf 83' lang='lat' dir='ltr'>quamvis</span> <span class='ocrx_word' id='word_1_64' title='bbox 1109 1149 1203 1212; x_wconf 90' lang='lat' dir='ltr'>reluc-</span> 
     </span>
     <span class='ocr_line' id='line_1_9' title="bbox 153 1255 1203 1339; baseline -0.001 -18"><span class='ocrx_word' id='word_1_65' title='bbox 153 1262 283 1333; x_wconf 86' lang='lat' dir='ltr'>tantem,</span> <span class='ocrx_word' id='word_1_66' title='bbox 315 1256 428 1330; x_wconf 82' lang='lat' dir='ltr'>traxit;</span> <span class='ocrx_word' id='word_1_67' title='bbox 450 1255 497 1320; x_wconf 91' lang='lat' dir='ltr'>his</span> <span class='ocrx_word' id='word_1_68' title='bbox 521 1256 730 1318; x_wconf 86' lang='lat' dir='ltr'>Romanorum</span> <span class='ocrx_word' id='word_1_69' title='bbox 756 1256 903 1338; x_wconf 89' lang='lat' dir='ltr'>primores</span> <span class='ocrx_word' id='word_1_70' title='bbox 928 1257 1063 1339; x_wconf 84' lang='lat' dir='ltr'>singulos</span> <span class='ocrx_word' id='word_1_71' title='bbox 1086 1256 1203 1336; x_wconf 80' lang='lat' dir='ltr'>illexit,</span> 
     </span>
     <span class='ocr_line' id='line_1_10' title="bbox 156 1362 1203 1448; baseline -0.004 -19"><span class='ocrx_word' id='word_1_72' title='bbox 156 1364 324 1448; x_wconf 86' lang='lat' dir='ltr'>coeptisque</span> <span class='ocrx_word' id='word_1_73' title='bbox 340 1363 402 1426; x_wconf 90' lang='lat' dir='ltr'>suis</span> <span class='ocrx_word' id='word_1_74' title='bbox 417 1370 544 1426; x_wconf 91' lang='lat' dir='ltr'>autnon</span> <span class='ocrx_word' id='word_1_75' title='bbox 561 1364 682 1426; x_wconf 89' lang='lat' dir='ltr'>obstare</span> <span class='ocrx_word' id='word_1_76' title='bbox 697 1368 751 1430; x_wconf 87' lang='lat' dir='ltr'>aut</span> <span class='ocrx_word' id='word_1_77' title='bbox 761 1362 907 1427; x_wconf 87' lang='lat' dir='ltr'>inservire</span> <span class='ocrx_word' id='word_1_78' title='bbox 922 1363 1039 1448; x_wconf 85' lang='lat' dir='ltr'>coegit;</span> <span class='ocrx_word' id='word_1_79' title='bbox 1059 1364 1107 1426; x_wconf 86' lang='lat' dir='ltr'>bis</span> <span class='ocrx_word' id='word_1_80' title='bbox 1123 1363 1203 1426; x_wconf 89' lang='lat' dir='ltr'>deni·</span> 
     </span>
     <span class='ocr_line' id='line_1_11' title="bbox 157 1469 1203 1569; baseline -0.002 -35"><span class='ocrx_word' id='word_1_81' title='bbox 157 1492 217 1555; x_wconf 91' lang='lat' dir='ltr'>que</span> <span class='ocrx_word' id='word_1_82' title='bbox 231 1472 387 1535; x_wconf 87' lang='lat' dir='ltr'>Romanos</span> <span class='ocrx_word' id='word_1_83' title='bbox 397 1470 509 1535; x_wconf 86' lang='lat' dir='ltr'>milites</span> <span class='ocrx_word' id='word_1_84' title='bbox 518 1471 664 1535; x_wconf 87' lang='lat' dir='ltr'>adversus</span> <span class='ocrx_word' id='word_1_85' title='bbox 674 1471 805 1560; x_wconf 88' lang='lat' dir='ltr'>patriam</span> <span class='ocrx_word' id='word_1_86' title='bbox 817 1479 848 1534; x_wconf 92' lang='lat' dir='ltr'>et</span> <span class='ocrx_word' id='word_1_87' title='bbox 857 1479 984 1555; x_wconf 89' lang='lat' dir='ltr'>penates</span> <span class='ocrx_word' id='word_1_88' title='bbox 996 1471 1094 1538; x_wconf 85' lang='lat' dir='ltr'>duxit.</span> <span class='ocrx_word' id='word_1_89' title='bbox 1108 1469 1203 1569; x_wconf 80' lang='lat' dir='ltr'>Equi·</span> 
     </span>
     <span class='ocr_line' id='line_1_12' title="bbox 154 1576 1203 1663; baseline 0 -21"><span class='ocrx_word' id='word_1_90' title='bbox 154 1579 224 1642; x_wconf 90' lang='lat' dir='ltr'>dem</span> <span class='ocrx_word' id='word_1_91' title='bbox 240 1580 315 1644; x_wconf 89' lang='lat' dir='ltr'>satis</span> <span class='ocrx_word' id='word_1_92' title='bbox 338 1579 441 1642; x_wconf 86' lang='lat' dir='ltr'>mirari</span> <span class='ocrx_word' id='word_1_93' title='bbox 457 1600 517 1640; x_wconf 93' lang='lat' dir='ltr'>non</span> <span class='ocrx_word' id='word_1_94' title='bbox 533 1599 668 1662; x_wconf 89' lang='lat' dir='ltr'>possum,</span> <span class='ocrx_word' id='word_1_95' title='bbox 684 1600 775 1662; x_wconf 89' lang='lat' dir='ltr'>qnam</span> <span class='ocrx_word' id='word_1_96' title='bbox 799 1578 873 1663; x_wconf 85' lang='lat' dir='ltr'>acri,</span> <span class='ocrx_word' id='word_1_97' title='bbox 890 1598 982 1663; x_wconf 88' lang='lat' dir='ltr'>quam</span> <span class='ocrx_word' id='word_1_98' title='bbox 997 1578 1140 1663; x_wconf 75' lang='lat' dir='ltr'>praesenti</span> <span class='ocrx_word' id='word_1_99' title='bbox 1159 1576 1203 1642; x_wconf 83' lang='lat' dir='ltr'>in·</span> 
     </span>
     <span class='ocr_line' id='line_1_13' title="bbox 154 1684 1202 1773; baseline -0.001 -23"><span class='ocrx_word' id='word_1_100' title='bbox 154 1687 244 1773; x_wconf 87' lang='lat' dir='ltr'>genio</span> <span class='ocrx_word' id='word_1_101' title='bbox 258 1707 378 1769; x_wconf 83' lang='lat' dir='ltr'>semper</span> <span class='ocrx_word' id='word_1_102' title='bbox 389 1685 535 1757; x_wconf 86' lang='lat' dir='ltr'>inveniat,</span> <span class='ocrx_word' id='word_1_103' title='bbox 554 1686 603 1749; x_wconf 91' lang='lat' dir='ltr'>ubi</span> <span class='ocrx_word' id='word_1_104' title='bbox 626 1685 699 1769; x_wconf 92' lang='lat' dir='ltr'>quid</span> <span class='ocrx_word' id='word_1_105' title='bbox 712 1686 853 1769; x_wconf 80' lang='lat' dir='ltr'>cuiquam</span> <span class='ocrx_word' id='word_1_106' title='bbox 873 1684 1118 1769; x_wconf 82' lang='lat' dir='ltr'>persuadendum</span> <span class='ocrx_word' id='word_1_107' title='bbox 1134 1694 1202 1750; x_wconf 84' lang='lat' dir='ltr'>sus-</span> 
     </span>
     <span class='ocr_line' id='line_1_14' title="bbox 154 1790 1202 1879; baseline -0.002 -20"><span class='ocrx_word' id='word_1_108' title='bbox 154 1793 289 1877; x_wconf 82' lang='lat' dir='ltr'>ceperit,</span> <span class='ocrx_word' id='word_1_109' title='bbox 318 1793 519 1876; x_wconf 90' lang='lat' dir='ltr'>quodcunque</span> <span class='ocrx_word' id='word_1_110' title='bbox 549 1793 588 1856; x_wconf 88' lang='lat' dir='ltr'>ad</span> <span class='ocrx_word' id='word_1_111' title='bbox 619 1812 687 1854; x_wconf 89' lang='lat' dir='ltr'>eum</span> <span class='ocrx_word' id='word_1_112' title='bbox 716 1790 897 1855; x_wconf 88' lang='lat' dir='ltr'>flectendum</span> <span class='ocrx_word' id='word_1_113' title='bbox 926 1802 957 1857; x_wconf 92' lang='lat' dir='ltr'>et</span> <span class='ocrx_word' id='word_1_114' title='bbox 986 1794 1202 1879; x_wconf 83' lang='lat' dir='ltr'>impellendum</span> 
     </span>
     <span class='ocr_line' id='line_1_15' title="bbox 155 1899 1201 1986; baseline 0.001 -21"><span class='ocrx_word' id='word_1_115' title='bbox 155 1901 320 1965; x_wconf 85' lang='lat' dir='ltr'>maximam</span> <span class='ocrx_word' id='word_1_116' title='bbox 338 1899 400 1962; x_wconf 90' lang='lat' dir='ltr'>vim</span> <span class='ocrx_word' id='word_1_117' title='bbox 414 1899 546 1974; x_wconf 86' lang='lat' dir='ltr'>habeut;</span> <span class='ocrx_word' id='word_1_118' title='bbox 564 1906 678 1983; x_wconf 86' lang='lat' dir='ltr'>quanta</span> <span class='ocrx_word' id='word_1_119' title='bbox 694 1899 828 1982; x_wconf 81' lang='lat' dir='ltr'>solertia,</span> <span class='ocrx_word' id='word_1_120' title='bbox 847 1910 961 1983; x_wconf 90' lang='lat' dir='ltr'>quanto</span> <span class='ocrx_word' id='word_1_121' title='bbox 973 1901 1087 1986; x_wconf 89' lang='lat' dir='ltr'>judicio</span> <span class='ocrx_word' id='word_1_122' title='bbox 1101 1911 1201 1967; x_wconf 88' lang='lat' dir='ltr'>mate-</span> 
     </span>
     <span class='ocr_line' id='line_1_16' title="bbox 156 2006 1203 2093; baseline 0.003 -22"><span class='ocrx_word' id='word_1_123' title='bbox 156 2007 232 2071; x_wconf 89' lang='lat' dir='ltr'>riam</span> <span class='ocrx_word' id='word_1_124' title='bbox 250 2007 332 2071; x_wconf 90' lang='lat' dir='ltr'>illam</span> <span class='ocrx_word' id='word_1_125' title='bbox 346 2006 389 2070; x_wconf 91' lang='lat' dir='ltr'>ita</span> <span class='ocrx_word' id='word_1_126' title='bbox 405 2012 568 2090; x_wconf 86' lang='lat' dir='ltr'>componat</span> <span class='ocrx_word' id='word_1_127' title='bbox 581 2014 674 2090; x_wconf 90' lang='lat' dir='ltr'>atque</span> <span class='ocrx_word' id='word_1_128' title='bbox 686 2006 859 2089; x_wconf 81' lang='lat' dir='ltr'>concinnet,</span> <span class='ocrx_word' id='word_1_129' title='bbox 876 2018 910 2071; x_wconf 88' lang='lat' dir='ltr'>ut</span> <span class='ocrx_word' id='word_1_130' title='bbox 924 2010 1008 2072; x_wconf 90' lang='lat' dir='ltr'>varia</span> <span class='ocrx_word' id='word_1_131' title='bbox 1022 2018 1203 2093; x_wconf 83' lang='lat' dir='ltr'>argumenta</span> 
     </span>
     <span class='ocr_line' id='line_1_17' title="bbox 154 2112 1202 2198; baseline 0.002 -20"><span class='ocrx_word' id='word_1_132' title='bbox 154 2115 209 2178; x_wconf 81' lang='lat' dir='ltr'>cibi</span> <span class='ocrx_word' id='word_1_133' title='bbox 225 2115 355 2178; x_wconf 88' lang='lat' dir='ltr'>invicem</span> <span class='ocrx_word' id='word_1_134' title='bbox 370 2134 459 2197; x_wconf 92' lang='lat' dir='ltr'>opem</span> <span class='ocrx_word' id='word_1_135' title='bbox 476 2112 586 2191; x_wconf 84' lang='lat' dir='ltr'>lerant,</span> <span class='ocrx_word' id='word_1_136' title='bbox 601 2122 636 2178; x_wconf 91' lang='lat' dir='ltr'>ut</span> <span class='ocrx_word' id='word_1_137' title='bbox 650 2113 733 2177; x_wconf 89' lang='lat' dir='ltr'>aliud</span> <span class='ocrx_word' id='word_1_138' title='bbox 754 2113 806 2177; x_wconf 90' lang='lat' dir='ltr'>alii</span> <span class='ocrx_word' id='word_1_139' title='bbox 824 2114 940 2178; x_wconf 90' lang='lat' dir='ltr'>aditum</span> <span class='ocrx_word' id='word_1_140' title='bbox 952 2127 1051 2198; x_wconf 83' lang='lat' dir='ltr'>paret.</span> <span class='ocrx_word' id='word_1_141' title='bbox 1066 2125 1100 2179; x_wconf 92' lang='lat' dir='ltr'>ut</span> <span class='ocrx_word' id='word_1_142' title='bbox 1116 2117 1202 2180; x_wconf 90' lang='lat' dir='ltr'>deni-</span> 
     </span>
    </p>

    <p class='ocr_par' dir='ltr' id='par_1_3' title="bbox 103 2218 1203 3268">
     <span class='ocr_line' id='line_1_18' title="bbox 155 2218 1199 2306; baseline 0.003 -23"><span class='ocrx_word' id='word_1_143' title='bbox 155 2240 216 2305; x_wconf 88' lang='lat' dir='ltr'>que</span> <span class='ocrx_word' id='word_1_144' title='bbox 239 2239 345 2283; x_wconf 84' lang='lat' dir='ltr'>omnes</span> <span class='ocrx_word' id='word_1_145' title='bbox 369 2218 540 2281; x_wconf 87' lang='lat' dir='ltr'>animorum</span> <span class='ocrx_word' id='word_1_146' title='bbox 565 2227 677 2302; x_wconf 88' lang='lat' dir='ltr'>motus,</span> <span class='ocrx_word' id='word_1_147' title='bbox 703 2240 808 2282; x_wconf 87' lang='lat' dir='ltr'>omnes</span> <span class='ocrx_word' id='word_1_148' title='bbox 832 2219 964 2285; x_wconf 84' lang='lat' dir='ltr'>allectus</span> <span class='ocrx_word' id='word_1_149' title='bbox 985 2223 1199 2306; x_wconf 86' lang='lat' dir='ltr'>subsequatur,</span> 
     </span>
     <span class='ocr_line' id='line_1_19' title="bbox 103 2309 1203 2413; baseline 0.003 -22"><span class='ocrx_word' id='word_1_150' title='bbox 103 2309 108 2316; x_wconf 56' lang='grc'><strong>’</strong></span> <span class='ocrx_word' id='word_1_151' title='bbox 153 2327 256 2411; x_wconf 86' lang='lat' dir='ltr'>eisque</span> <span class='ocrx_word' id='word_1_152' title='bbox 267 2325 393 2410; x_wconf 85' lang='lat' dir='ltr'>singulis</span> <span class='ocrx_word' id='word_1_153' title='bbox 408 2342 522 2387; x_wconf 90' lang='lat' dir='ltr'>morem</span> <span class='ocrx_word' id='word_1_154' title='bbox 535 2312 655 2409; x_wconf 81' lang='lat' dir='ltr'>semper</span> <span class='ocrx_word' id='word_1_155' title='bbox 665 2333 764 2410; x_wconf 86' lang='lat' dir='ltr'>gerat.</span> <span class='ocrx_word' id='word_1_156' title='bbox 782 2325 986 2413; x_wconf 89' lang='lat' dir='ltr'>Colloquium,</span> <span class='ocrx_word' id='word_1_157' title='bbox 1003 2330 1113 2404; x_wconf 89' lang='lat' dir='ltr'>hercle,</span> <span class='ocrx_word' id='word_1_158' title='bbox 1128 2330 1203 2394; x_wconf 90' lang='lat' dir='ltr'>illud</span> 
     </span>
     <span class='ocr_line' id='line_1_20' title="bbox 153 2431 1203 2519; baseline 0.001 -20"><span class='ocrx_word' id='word_1_159' title='bbox 153 2451 212 2518; x_wconf 88' lang='lat' dir='ltr'>est,</span> <span class='ocrx_word' id='word_1_160' title='bbox 229 2455 289 2498; x_wconf 94' lang='lat' dir='ltr'>non</span> <span class='ocrx_word' id='word_1_161' title='bbox 306 2432 413 2498; x_wconf 88' lang='lat' dir='ltr'>oratio.</span> <span class='ocrx_word' id='word_1_162' title='bbox 425 2432 502 2497; x_wconf 87' lang='lat' dir='ltr'>Silet</span> <span class='ocrx_word' id='word_1_163' title='bbox 515 2432 637 2517; x_wconf 89' lang='lat' dir='ltr'>quidem</span> <span class='ocrx_word' id='word_1_164' title='bbox 652 2432 838 2497; x_wconf 87' lang='lat' dir='ltr'>audientium</span> <span class='ocrx_word' id='word_1_165' title='bbox 851 2431 938 2498; x_wconf 86' lang='lat' dir='ltr'>turba</span> <span class='ocrx_word' id='word_1_166' title='bbox 953 2460 959 2499; x_wconf 90' lang='lat'>:</span> <span class='ocrx_word' id='word_1_167' title='bbox 973 2436 1026 2499; x_wconf 90' lang='lat' dir='ltr'>sed</span> <span class='ocrx_word' id='word_1_168' title='bbox 1039 2436 1112 2519; x_wconf 88' lang='lat' dir='ltr'>quid</span> <span class='ocrx_word' id='word_1_169' title='bbox 1122 2457 1203 2500; x_wconf 89' lang='lat' dir='ltr'>nunc</span> 
     </span>
     <span class='ocr_line' id='line_1_21' title="bbox 154 2539 1202 2627; baseline -0.002 -21"><span class='ocrx_word' id='word_1_170' title='bbox 154 2543 277 2616; x_wconf 83' lang='lat' dir='ltr'>timeat,</span> <span class='ocrx_word' id='word_1_171' title='bbox 293 2540 365 2623; x_wconf 92' lang='lat' dir='ltr'>quid</span> <span class='ocrx_word' id='word_1_172' title='bbox 382 2539 491 2602; x_wconf 90' lang='lat' dir='ltr'>deinde</span> <span class='ocrx_word' id='word_1_173' title='bbox 513 2539 626 2622; x_wconf 91' lang='lat' dir='ltr'>cupiat,</span> <span class='ocrx_word' id='word_1_174' title='bbox 642 2539 714 2623; x_wconf 93' lang='lat' dir='ltr'>quid</span> <span class='ocrx_word' id='word_1_175' title='bbox 729 2541 822 2605; x_wconf 87' lang='lat' dir='ltr'>tacito</span> <span class='ocrx_word' id='word_1_176' title='bbox 839 2542 929 2604; x_wconf 87' lang='lat' dir='ltr'>corde</span> <span class='ocrx_word' id='word_1_177' title='bbox 948 2548 1044 2626; x_wconf 86' lang='lat' dir='ltr'>roget,</span> <span class='ocrx_word' id='word_1_178' title='bbox 1060 2542 1132 2627; x_wconf 94' lang='lat' dir='ltr'>quid</span> <span class='ocrx_word' id='word_1_179' title='bbox 1152 2563 1202 2604; x_wconf 91' lang='lat' dir='ltr'>ro-</span> 
     </span>
     <span class='ocr_line' id='line_1_22' title="bbox 155 2646 1202 2734; baseline 0.002 -24"><span class='ocrx_word' id='word_1_180' title='bbox 155 2668 229 2734; x_wconf 84' lang='lat' dir='ltr'>gare</span> <span class='ocrx_word' id='word_1_181' title='bbox 243 2661 310 2709; x_wconf 88' lang='lat' dir='ltr'>earn</span> <span class='ocrx_word' id='word_1_182' title='bbox 323 2652 377 2708; x_wconf 83' lang='lat' dir='ltr'>aut</span> <span class='ocrx_word' id='word_1_183' title='bbox 390 2646 502 2728; x_wconf 91' lang='lat' dir='ltr'>pudeat</span> <span class='ocrx_word' id='word_1_184' title='bbox 519 2652 572 2708; x_wconf 90' lang='lat' dir='ltr'>aut</span> <span class='ocrx_word' id='word_1_185' title='bbox 588 2646 691 2731; x_wconf 87' lang='lat' dir='ltr'>pigeat</span> <span class='ocrx_word' id='word_1_186' title='bbox 707 2658 808 2712; x_wconf 89' lang='lat' dir='ltr'>orator</span> <span class='ocrx_word' id='word_1_187' title='bbox 823 2648 983 2733; x_wconf 85' lang='lat' dir='ltr'>intelligit,</span> <span class='ocrx_word' id='word_1_188' title='bbox 1001 2658 1094 2733; x_wconf 80' lang='lat' dir='ltr'>atque</span> <span class='ocrx_word' id='word_1_189' title='bbox 1108 2651 1202 2712; x_wconf 91' lang='lat' dir='ltr'>inter-</span> 
     </span>
     <span class='ocr_line' id='line_1_23' title="bbox 155 2752 1200 2842; baseline 0.003 -25"><span class='ocrx_word' id='word_1_190' title='bbox 155 2753 275 2838; x_wconf 84' lang='lat' dir='ltr'>roganti</span> <span class='ocrx_word' id='word_1_191' title='bbox 297 2753 403 2816; x_wconf 87' lang='lat' dir='ltr'>statim</span> <span class='ocrx_word' id='word_1_192' title='bbox 421 2752 595 2834; x_wconf 85' lang='lat' dir='ltr'>respondet.</span> <span class='ocrx_word' id='word_1_193' title='bbox 620 2752 699 2815; x_wconf 86' lang='lat' dir='ltr'>Mihi</span> <span class='ocrx_word' id='word_1_194' title='bbox 714 2754 834 2836; x_wconf 88' lang='lat' dir='ltr'>quidem</span> <span class='ocrx_word' id='word_1_195' title='bbox 856 2755 1015 2817; x_wconf 78' lang='lat' dir='ltr'>nonnullas</span> <span class='ocrx_word' id='word_1_196' title='bbox 1035 2759 1101 2842; x_wconf 86' lang='lat' dir='ltr'>ejus</span> <span class='ocrx_word' id='word_1_197' title='bbox 1126 2778 1200 2820; x_wconf 88' lang='lat' dir='ltr'>cou-</span> 
     </span>
     <span class='ocr_line' id='line_1_24' title="bbox 157 2859 1201 2945; baseline 0.002 -20"><span class='ocrx_word' id='word_1_198' title='bbox 157 2863 259 2926; x_wconf 82' lang='lat' dir='ltr'>niones</span> <span class='ocrx_word' id='word_1_199' title='bbox 276 2860 400 2945; x_wconf 86' lang='lat' dir='ltr'>legenti,</span> <span class='ocrx_word' id='word_1_200' title='bbox 419 2859 520 2943; x_wconf 86' lang='lat' dir='ltr'>legere</span> <span class='ocrx_word' id='word_1_201' title='bbox 535 2859 623 2922; x_wconf 88' lang='lat' dir='ltr'>simul</span> <span class='ocrx_word' id='word_1_202' title='bbox 642 2861 749 2923; x_wconf 89' lang='lat' dir='ltr'>videor</span> <span class='ocrx_word' id='word_1_203' title='bbox 764 2860 795 2922; x_wconf 91' lang='lat' dir='ltr'>in</span> <span class='ocrx_word' id='word_1_204' title='bbox 812 2861 920 2924; x_wconf 85' lang='lat' dir='ltr'>animis</span> <span class='ocrx_word' id='word_1_205' title='bbox 946 2863 1144 2937; x_wconf 85' lang='lat' dir='ltr'>audientium,</span> <span class='ocrx_word' id='word_1_206' title='bbox 1171 2871 1201 2927; x_wconf 86' lang='lat' dir='ltr'>et</span> 
     </span>
     <span class='ocr_line' id='line_1_25' title="bbox 156 2966 1201 3054; baseline 0.002 -21"><span class='ocrx_word' id='word_1_207' title='bbox 156 2971 187 3033; x_wconf 92' lang='lat' dir='ltr'>in</span> <span class='ocrx_word' id='word_1_208' title='bbox 202 2988 306 3031; x_wconf 92' lang='lat' dir='ltr'>eorum</span> <span class='ocrx_word' id='word_1_209' title='bbox 320 2966 470 3030; x_wconf 77' lang='lat' dir='ltr'>frontibus</span> <span class='ocrx_word' id='word_1_210' title='bbox 479 2986 601 3030; x_wconf 87' lang='lat' dir='ltr'>cernere</span> <span class='ocrx_word' id='word_1_211' title='bbox 613 2988 717 3029; x_wconf 88' lang='lat' dir='ltr'>omnes</span> <span class='ocrx_word' id='word_1_212' title='bbox 731 2967 944 3050; x_wconf 84' lang='lat' dir='ltr'>cupiditatum,</span> <span class='ocrx_word' id='word_1_213' title='bbox 960 2971 1069 3054; x_wconf 86' lang='lat' dir='ltr'>quibus</span> <span class='ocrx_word' id='word_1_214' title='bbox 1080 2992 1201 3054; x_wconf 89' lang='lat' dir='ltr'>semper</span> 
     </span>
     <span class='ocr_line' id='line_1_26' title="bbox 156 3073 1200 3160; baseline 0.001 -20"><span class='ocrx_word' id='word_1_215' title='bbox 156 3077 275 3151; x_wconf 88' lang='lat' dir='ltr'>ardent,</span> <span class='ocrx_word' id='word_1_216' title='bbox 293 3074 479 3150; x_wconf 83' lang='lat' dir='ltr'>mutationes</span> <span class='ocrx_word' id='word_1_217' title='bbox 496 3097 532 3138; x_wconf 87' lang='lat' dir='ltr'>ao</span> <span class='ocrx_word' id='word_1_218' title='bbox 550 3074 645 3138; x_wconf 80' lang='lat' dir='ltr'>vices.</span> <span class='ocrx_word' id='word_1_219' title='bbox 662 3073 785 3139; x_wconf 83' lang='lat' dir='ltr'>Prolata</span> <span class='ocrx_word' id='word_1_220' title='bbox 806 3076 945 3160; x_wconf 85' lang='lat' dir='ltr'>exemplo</span> <span class='ocrx_word' id='word_1_221' title='bbox 964 3077 1075 3141; x_wconf 79' lang='lat' dir='ltr'>clarius</span> <span class='ocrx_word' id='word_1_222' title='bbox 1088 3078 1200 3141; x_wconf 89' lang='lat' dir='ltr'>intelli-</span> 
     </span>
     <span class='ocr_line' id='line_1_27' title="bbox 156 3164 623 3268; baseline -0.006 -22"><span class='ocrx_word' id='word_1_223' title='bbox 156 3183 237 3268; x_wconf 86' lang='lat' dir='ltr'>getis</span> <span class='ocrx_word' id='word_1_224' title='bbox 254 3181 326 3264; x_wconf 92' lang='lat' dir='ltr'>quid</span> <span class='ocrx_word' id='word_1_225' title='bbox 340 3181 449 3243; x_wconf 88' lang='lat' dir='ltr'>dicam.</span> <span class='ocrx_word' id='word_1_226' title='bbox 531 3239 534 3244; x_wconf 89' lang='grc'><strong>,</strong></span> <span class='ocrx_word' id='word_1_227' title='bbox 621 3164 623 3168; x_wconf 38' lang='grc'>’</span> 
     </span>
    </p>

    <p class='ocr_par' dir='ltr' id='par_1_4' title="bbox 155 3287 1204 3702">
     <span class='ocr_line' id='line_1_28' title="bbox 200 3287 1203 3387; baseline 0.007 -34"><span class='ocrx_word' id='word_1_228' title='bbox 200 3290 338 3354; x_wconf 87' lang='lat' dir='ltr'>Duarum</span> <span class='ocrx_word' id='word_1_229' title='bbox 351 3295 452 3350; x_wconf 86' lang='lat' dir='ltr'>autern</span> <span class='ocrx_word' id='word_1_230' title='bbox 467 3287 643 3351; x_wconf 86' lang='lat' dir='ltr'>concionum</span> <span class='ocrx_word' id='word_1_231' title='bbox 655 3288 695 3374; x_wconf 78' lang='lat' dir='ltr'>(l)</span> <span class='ocrx_word' id='word_1_232' title='bbox 709 3291 748 3387; x_wconf 81' lang='lat' dir='ltr'>ad</span> <span class='ocrx_word' id='word_1_233' title='bbox 760 3293 947 3375; x_wconf 81' lang='lat' dir='ltr'>propositum</span> <span class='ocrx_word' id='word_1_234' title='bbox 966 3314 1067 3357; x_wconf 83' lang='lat' dir='ltr'>meum</span> <span class='ocrx_word' id='word_1_235' title='bbox 1083 3296 1203 3379; x_wconf 85' lang='lat' dir='ltr'>aptissi-</span> 
     </span>
     <span class='ocr_line' id='line_1_29' title="bbox 155 3395 1203 3491; baseline 0.005 -30"><span class='ocrx_word' id='word_1_236' title='bbox 155 3415 271 3461; x_wconf 90' lang='lat' dir='ltr'>marum</span> <span class='ocrx_word' id='word_1_237' title='bbox 287 3402 357 3459; x_wconf 87' lang='lat' dir='ltr'>utra</span> <span class='ocrx_word' id='word_1_238' title='bbox 378 3395 566 3478; x_wconf 88' lang='lat' dir='ltr'>potissimum</span> <span class='ocrx_word' id='word_1_239' title='bbox 586 3395 626 3459; x_wconf 88' lang='lat' dir='ltr'>sit</span> <span class='ocrx_word' id='word_1_240' title='bbox 652 3395 790 3480; x_wconf 85' lang='lat' dir='ltr'>eligenda</span> <span class='ocrx_word' id='word_1_241' title='bbox 810 3398 919 3491; x_wconf 81' lang='lat' dir='ltr'>dubius</span> <span class='ocrx_word' id='word_1_242' title='bbox 938 3421 1019 3464; x_wconf 82' lang='lat' dir='ltr'>sum.</span> <span class='ocrx_word' id='word_1_243' title='bbox 1037 3401 1146 3465; x_wconf 89' lang='lat' dir='ltr'>Altera</span> <span class='ocrx_word' id='word_1_244' title='bbox 1163 3401 1203 3488; x_wconf 62' lang='lat'>(2)</span> 
     </span>
     <span class='ocr_line' id='line_1_30' title="bbox 155 3499 1203 3587; baseline 0.003 -19"><span class='ocrx_word' id='word_1_245' title='bbox 155 3506 234 3569; x_wconf 91' lang='lat' dir='ltr'>enim</span> <span class='ocrx_word' id='word_1_246' title='bbox 251 3524 343 3587; x_wconf 84' lang='lat' dir='ltr'>quum</span> <span class='ocrx_word' id='word_1_247' title='bbox 355 3501 476 3565; x_wconf 90' lang='lat' dir='ltr'>Curioni</span> <span class='ocrx_word' id='word_1_248' title='bbox 490 3499 620 3584; x_wconf 79' lang='lat' dir='ltr'>affinxit,</span> <span class='ocrx_word' id='word_1_249' title='bbox 634 3501 746 3585; x_wconf 89' lang='lat' dir='ltr'>scripta</span> <span class='ocrx_word' id='word_1_250' title='bbox 759 3504 894 3568; x_wconf 90' lang='lat' dir='ltr'>oratione</span> <span class='ocrx_word' id='word_1_251' title='bbox 909 3515 993 3570; x_wconf 84' lang='lat' dir='ltr'>recta</span> <span class='ocrx_word' id='word_1_252' title='bbox 1006 3516 1038 3571; x_wconf 86' lang='lat' dir='ltr'>et</span> <span class='ocrx_word' id='word_1_253' title='bbox 1054 3519 1120 3571; x_wconf 86' lang='lat' dir='ltr'>arto</span> <span class='ocrx_word' id='word_1_254' title='bbox 1132 3509 1203 3571; x_wconf 71' lang='lat' dir='ltr'>dili·¹</span> 
     </span>
     <span class='ocr_line' id='line_1_31' title="bbox 155 3608 1204 3702; baseline 0.003 -26"><span class='ocrx_word' id='word_1_255' title='bbox 155 3611 284 3698; x_wconf 82' lang='lat' dir='ltr'>gentiori</span> <span class='ocrx_word' id='word_1_256' title='bbox 311 3610 484 3692; x_wconf 85' lang='lat' dir='ltr'>elaborata,</span> <span class='ocrx_word' id='word_1_257' title='bbox 498 3608 682 3691; x_wconf 83' lang='lat' dir='ltr'>splendidior</span> <span class='ocrx_word' id='word_1_258' title='bbox 706 3610 836 3676; x_wconf 84' lang='lat' dir='ltr'>fortasse</span> <span class='ocrx_word' id='word_1_259' title='bbox 858 3622 906 3676; x_wconf 88' lang='lat' dir='ltr'>est</span> <span class='ocrx_word' id='word_1_260' title='bbox 931 3620 962 3677; x_wconf 87' lang='lat' dir='ltr'>et</span> <span class='ocrx_word' id='word_1_261' title='bbox 987 3618 1091 3702; x_wconf 84' lang='lat' dir='ltr'>majori</span> <span class='ocrx_word' id='word_1_262' title='bbox 1113 3637 1204 3680; x_wconf 86' lang='lat' dir='ltr'>cursu</span> 
     </span>
    </p>
   </div>
   <div class='ocr_carea' id='block_1_3' title="bbox 42 3715 1204 3806">
    <p class='ocr_par' dir='ltr' id='par_1_5' title="bbox 42 3715 1204 3806">
     <span class='ocr_line' id='line_1_32' title="bbox 42 3715 1204 3806; baseline 0.004 -24"><span class='ocrx_word' id='word_1_263' title='bbox 42 3778 44 3782; x_wconf 85' lang='lat'>.</span> <span class='ocrx_word' id='word_1_264' title='bbox 155 3721 315 3802; x_wconf 84' lang='lat' dir='ltr'>sonituque</span> <span class='ocrx_word' id='word_1_265' title='bbox 334 3715 441 3781; x_wconf 80' lang='lat' dir='ltr'>fertur.</span> <span class='ocrx_word' id='word_1_266' title='bbox 459 3717 550 3781; x_wconf 90' lang='lat' dir='ltr'>Hanc</span> <span class='ocrx_word' id='word_1_267' title='bbox 574 3724 676 3781; x_wconf 90' lang='lat' dir='ltr'>tamen</span> <span class='ocrx_word' id='word_1_268' title='bbox 692 3717 867 3784; x_wconf 84' lang='lat' dir='ltr'>Caesarnon</span> <span class='ocrx_word' id='word_1_269' title='bbox 889 3722 955 3806; x_wconf 91' lang='lat' dir='ltr'>ipse</span> <span class='ocrx_word' id='word_1_270' title='bbox 974 3724 1077 3787; x_wconf 90' lang='lat' dir='ltr'>habuit</span> <span class='ocrx_word' id='word_1_271' title='bbox 1092 3725 1131 3787; x_wconf 87' lang='lat' dir='ltr'>nd</span> <span class='ocrx_word' id='word_1_272' title='bbox 1147 3726 1204 3787; x_wconf 92' lang='lat' dir='ltr'>mi-</span> 
     </span>
    </p>
   </div>
   <div class='ocr_carea' id='block_1_4' title="bbox 89 3820 1242 3907">
    <p class='ocr_par' dir='ltr' id='par_1_6' title="bbox 89 3820 1242 3907">
     <span class='ocr_line' id='line_1_33' title="bbox 89 3820 1242 3907; baseline 0.005 -18"><span class='ocrx_word' id='word_1_273' title='bbox 89 3865 92 3873; x_wconf 86' lang='lat'>·</span> <span class='ocrx_word' id='word_1_274' title='bbox 156 3825 237 3899; x_wconf 82' lang='lat' dir='ltr'>lites,</span> <span class='ocrx_word' id='word_1_275' title='bbox 256 3833 291 3890; x_wconf 93' lang='lat' dir='ltr'>ut</span> <span class='ocrx_word' id='word_1_276' title='bbox 306 3825 408 3888; x_wconf 87' lang='lat' dir='ltr'>omnia</span> <span class='ocrx_word' id='word_1_277' title='bbox 426 3825 455 3887; x_wconf 92' lang='lat' dir='ltr'>in</span> <span class='ocrx_word' id='word_1_278' title='bbox 474 3824 524 3888; x_wconf 86' lang='lat' dir='ltr'>illu</span> <span class='ocrx_word' id='word_1_279' title='bbox 543 3845 603 3888; x_wconf 91' lang='lat' dir='ltr'>non</span> <span class='ocrx_word' id='word_1_280' title='bbox 620 3846 656 3888; x_wconf 84' lang='lat' dir='ltr'>ex</span> <span class='ocrx_word' id='word_1_281' title='bbox 674 3820 805 3891; x_wconf 83' lang='lat' dir='ltr'>veritate</span> <span class='ocrx_word' id='word_1_282' title='bbox 822 3829 934 3891; x_wconf 88' lang='lat' dir='ltr'>tradita</span> <span class='ocrx_word' id='word_1_283' title='bbox 955 3830 1039 3893; x_wconf 82' lang='lat' dir='ltr'>nobis</span> <span class='ocrx_word' id='word_1_284' title='bbox 1056 3832 1127 3907; x_wconf 85' lang='lat' dir='ltr'>sint,</span> <span class='ocrx_word' id='word_1_285' title='bbox 1147 3833 1204 3896; x_wconf 90' lang='lat' dir='ltr'>sed</span> <span class='ocrx_word' id='word_1_286' title='bbox 1240 3855 1242 3858; x_wconf 66' lang='grc'>’</span> 
     </span>
    </p>
   </div>
   <div class='ocr_carea' id='block_1_5' title="bbox 95 4110 1205 4450">
    <p class='ocr_par' dir='ltr' id='par_1_7' title="bbox 95 4110 1205 4360">
     <span class='ocr_line' id='line_1_34' title="bbox 95 4110 1205 4181; baseline 0.003 -15"><span class='ocrx_word' id='word_1_287' title='bbox 95 4147 100 4156; x_wconf 89' lang='lat'><em>·</em></span> <span class='ocrx_word' id='word_1_288' title='bbox 192 4115 225 4181; x_wconf 83' lang='lat' dir='ltr'>(l)</span> <span class='ocrx_word' id='word_1_289' title='bbox 241 4112 355 4163; x_wconf 80' lang='lat' dir='ltr'>Praeclara</span> <span class='ocrx_word' id='word_1_290' title='bbox 368 4117 402 4159; x_wconf 85' lang='lat' dir='ltr'>est</span> <span class='ocrx_word' id='word_1_291' title='bbox 415 4110 486 4159; x_wconf 86' lang='lat' dir='ltr'>etiam</span> <span class='ocrx_word' id='word_1_292' title='bbox 495 4110 599 4175; x_wconf 78' lang='lat' dir='ltr'>ejusdem</span> <span class='ocrx_word' id='word_1_293' title='bbox 615 4111 707 4175; x_wconf 77' lang='lat' dir='ltr'>generis</span> <span class='ocrx_word' id='word_1_294' title='bbox 719 4111 828 4178; x_wconf 82' lang='lat' dir='ltr'>epistola,</span> <span class='ocrx_word' id='word_1_295' title='bbox 839 4127 885 4180; x_wconf 83' lang='lat' dir='ltr'>qua</span> <span class='ocrx_word' id='word_1_296' title='bbox 898 4115 1008 4167; x_wconf 85' lang='lat' dir='ltr'>Ciceroni</span> <span class='ocrx_word' id='word_1_297' title='bbox 1020 4116 1113 4181; x_wconf 86' lang='lat' dir='ltr'>suadet,</span> <span class='ocrx_word' id='word_1_298' title='bbox 1127 4119 1205 4170; x_wconf 90' lang='lat' dir='ltr'>bello·</span> 
     </span>
     <span class='ocr_line' id='line_1_35' title="bbox 155 4199 1204 4274; baseline 0.002 -18"><span class='ocrx_word' id='word_1_299' title='bbox 155 4222 208 4256; x_wconf 89' lang='lat' dir='ltr'>rum</span> <span class='ocrx_word' id='word_1_300' title='bbox 223 4203 329 4252; x_wconf 84' lang='lat' dir='ltr'>ciuilium</span> <span class='ocrx_word' id='word_1_301' title='bbox 343 4199 422 4260; x_wconf 90' lang='lat' dir='ltr'>initio,</span> <span class='ocrx_word' id='word_1_302' title='bbox 439 4219 451 4242; x_wconf 79' lang='lat' dir='ltr'>u</span> <span class='ocrx_word' id='word_1_303' title='bbox 463 4212 540 4263; x_wconf 91' lang='lat' dir='ltr'>neque</span> <span class='ocrx_word' id='word_1_304' title='bbox 554 4199 626 4248; x_wconf 88' lang='lat' dir='ltr'>tutius</span> <span class='ocrx_word' id='word_1_305' title='bbox 640 4216 719 4266; x_wconf 80' lang='lat' dir='ltr'>neque</span> <span class='ocrx_word' id='word_1_306' title='bbox 733 4199 855 4252; x_wconf 87' lang='lat' dir='ltr'>honestius</span> <span class='ocrx_word' id='word_1_307' title='bbox 867 4220 917 4254; x_wconf 86' lang='lat' dir='ltr'>esse</span> <span class='ocrx_word' id='word_1_308' title='bbox 930 4205 1074 4271; x_wconf 87' lang='lat' dir='ltr'>quidquam,</span> <span class='ocrx_word' id='word_1_309' title='bbox 1088 4224 1159 4274; x_wconf 85' lang='lat' dir='ltr'>quom</span> <span class='ocrx_word' id='word_1_310' title='bbox 1172 4209 1204 4259; x_wconf 85' lang='lat' dir='ltr'>ab</span> 
     </span>
     <span class='ocr_line' id='line_1_36' title="bbox 156 4286 824 4360; baseline -0.006 -15"><span class='ocrx_word' id='word_1_311' title='bbox 156 4294 220 4346; x_wconf 87' lang='lat' dir='ltr'>omni</span> <span class='ocrx_word' id='word_1_312' title='bbox 231 4288 385 4342; x_wconf 86' lang='lat' dir='ltr'>contentione</span> <span class='ocrx_word' id='word_1_313' title='bbox 396 4287 486 4338; x_wconf 89' lang='lat' dir='ltr'>abesse.</span> <span class='ocrx_word' id='word_1_314' title='bbox 501 4308 513 4332; x_wconf 75' lang='grc' dir='ltr'><strong>υ</strong></span> <span class='ocrx_word' id='word_1_315' title='bbox 530 4287 580 4340; x_wconf 87' lang='lat' dir='ltr'>Cic.</span> <span class='ocrx_word' id='word_1_316' title='bbox 593 4292 635 4356; x_wconf 79' lang='lat' dir='ltr'>up,</span> <span class='ocrx_word' id='word_1_317' title='bbox 652 4286 683 4339; x_wconf 88' lang='lat' dir='ltr'>ad</span> <span class='ocrx_word' id='word_1_318' title='bbox 693 4295 742 4341; x_wconf 80' lang='lat' dir='ltr'>All.</span> <span class='ocrx_word' id='word_1_319' title='bbox 755 4295 791 4360; x_wconf 85' lang='lat' dir='ltr'>tu,</span> <span class='ocrx_word' id='word_1_320' title='bbox 802 4295 824 4341; x_wconf 86' lang='lat'>8.</span> 
     </span>
    </p>

    <p class='ocr_par' dir='ltr' id='par_1_8' title="bbox 156 4367 713 4450">
     <span class='ocr_line' id='line_1_37' title="bbox 156 4367 713 4450; baseline -0.02 -16"><span class='ocrx_word' id='word_1_321' title='bbox 156 4444 159 4450; x_wconf 35' lang='grc'><em>,</em></span> <span class='ocrx_word' id='word_1_322' title='bbox 192 4373 224 4447; x_wconf 71' lang='lat' dir='ltr'>(t)</span> <span class='ocrx_word' id='word_1_323' title='bbox 242 4385 301 4433; x_wconf 75' lang='lat' dir='ltr'>Cas.</span> <span class='ocrx_word' id='word_1_324' title='bbox 316 4378 346 4431; x_wconf 92' lang='lat' dir='ltr'>de</span> <span class='ocrx_word' id='word_1_325' title='bbox 359 4379 419 4432; x_wconf 87' lang='lat' dir='ltr'>Bell.</span> <span class='ocrx_word' id='word_1_326' title='bbox 431 4377 485 4432; x_wconf 85' lang='lat' dir='ltr'>Cir.</span> <span class='ocrx_word' id='word_1_327' title='bbox 497 4379 519 4445; x_wconf 82' lang='lat'>2,</span> <span class='ocrx_word' id='word_1_328' title='bbox 533 4367 568 4427; x_wconf 74' lang='grc'>32.</span> <span class='ocrx_word' id='word_1_329' title='bbox 707 4375 713 4384; x_wconf 69' lang='lat'>‘</span> 
     </span>
    </p>
   </div>
   <div class='ocr_carea' id='block_1_6' title="bbox 0 0 1372 4966">
    <p class='ocr_par' dir='ltr' id='par_1_9' title="bbox 0 0 1372 4966">
     <span class='ocr_line' id='line_1_38' title="bbox 0 0 1372 4966; baseline 0 0"><span class='ocrx_word' id='word_1_330' title='bbox 0 0 1372 4966; x_wconf 95' lang='lat' dir='ltr'> </span> 
     </span>
    </p>
   </div>
   <div class='ocr_carea' id='block_1_7' title="bbox 135 4780 263 4901">
    <p class='ocr_par' dir='ltr' id='par_1_10' title="bbox 135 4780 263 4901">
     <span class='ocr_line' id='line_1_39' title="bbox 135 4780 263 4901; baseline 0.055 -6"><span class='ocrx_word' id='word_1_331' title='bbox 135 4780 263 4901; x_wconf 95' lang='grc' dir='ltr'><em>Γ</em></span> 
     </span>
    </p>
   </div>
  </div>
 </body>
</html>
