2730 4966
708 329 856 394 ..6-

262 471 308 536 bis
323 471 402 536 mille
417 490 512 534 annos
525 489 714 553 pernoscere,
733 476 765 533 et
780 490 847 532 cum
867 469 949 532 facta
965 475 995 531 te
1009 472 1175 550 coarguant
1191 465 1232 528 ad
1249 487 1303 528 vo·

260 577 408 642 luntatem
429 575 601 661 confugere.
617 577 811 658 Quanquam,
828 596 866 638 ne
881 576 913 639 id
926 575 1048 658 quidem
1064 574 1119 638 tibi
1133 572 1304 656 perfugium

260 685 438 769 relinquam.
458 683 564 748 Tacito
576 684 656 746 enim
670 690 702 747 et
716 684 862 748 Suetonio
875 677 1077 753 Plutarchum
1086 690 1117 744 et
1126 681 1305 746 Ciceronem

260 793 358 858 socios
374 800 405 855 et
419 791 614 855 auxiliatores
629 791 803 877 adjungam.
822 792 932 855 Nonne
950 791 1018 857 huic
1041 790 1133 874 igitur
1152 789 1260 853 credas
1276 789 1306 853 in

259 900 357 967 Bruto
372 899 496 962 testanti
512 899 590 962 bene
611 899 752 982 loquendi
773 900 907 982 laudem,
928 928 940 953 α
961 898 1065 962 multis
1078 897 1206 977 littera,
1224 903 1257 960 et
1270 896 1306 961 iis

260 1007 383 1091 quidem
406 1006 568 1085 reconditis
594 1014 625 1070 et
646 1007 824 1090 exquisitis,
852 1027 1031 1089 summoque
1053 1005 1153 1069 studio
1176 1013 1208 1068 et
1239 1003 1307 1075 dill-

258 1112 362 1197 gentia
373 1111 429 1199 ll),
451 1145 464 1168 „
481 1133 547 1176 esse
561 1114 600 1176 ab
614 1113 665 1178 illo
679 1121 885 1195 comparatam
899 1113 910 1175 l
923 1112 1004 1191 Quid
1017 1111 1096 1175 enim
1111 1119 1217 1176 contra
1235 1111 1307 1181 talis

257 1219 338 1284 illius
350 1220 408 1284 viri
424 1219 643 1297 testimonium,
659 1220 712 1303 qui
733 1219 846 1282 Caesari
861 1221 899 1282 ab
922 1218 1126 1282 adolescentia
1148 1217 1307 1288 familiaris

258 1325 568 1412 arpenasodalisoe)
585 1325 704 1411 fuerat,
727 1336 808 1390 stare
823 1325 941 1410 possitl
959 1326 1040 1406 Quid
1056 1335 1160 1393 autem
1175 1325 1205 1390 in
1227 1327 1307 1412 ejus-

259 1434 328 1498 dem
343 1417 408 1499 vita
432 1434 586 1518 scripserit
610 1434 792 1503 Plutarchus
817 1456 876 1498 non
902 1433 1025 1518 legistil
1054 1464 1067 1488 ι·
1092 1434 1211 1503 Dicitur
1236 1440 1308 1511 etp

258 1549 368 1616 natura
382 1542 515 1606 indolem
532 1542 670 1606 habuisse
687 1543 727 1619 ad
742 1542 947 1628 eloquentiam
963 1542 1165 1627 aptissimam,
1185 1549 1217 1616 et
1236 1563 1305 1617 eam

263 1677 278 1707 a
295 1649 514 1730 studiosissime
552 1650 719 1713 excoluisse
750 1649 799 1734 (3).
828 1683 841 1706 n
882 1649 985 1737 Majus
1013 1657 1061 1721 est
1096 1649 1188 1714 etiam
1223 1651 1308 1734 quod

258 1754 471 1840 idamaeam,
490 1776 548 1820 non
568 1757 598 1819 in
615 1757 718 1821 schola
742 1763 859 1821 tantum
876 1778 912 1830 ac
928 1778 981 1842 per
997 1756 1092 1823 otium
1110 1759 1142 1821 in
1157 1757 1220 1831 haec
1236 1779 1305 1833 eum

259 1861 361 1929 studia
373 1862 553 1938 incubuisse,
572 1863 731 1927 sedetiam
747 1884 846 1946 neque
859 1863 890 1925 in
898 1863 1054 1930 itineribus
1069 1863 1305 1947 autnavigatip=

258 1969 358 2047 nibus,
374 1969 435 2033 imo
451 1990 489 2033 ne
503 1971 534 2035 in
550 1971 689 2035 manibus
711 1971 832 2054 quidem
849 1971 992 2054 hostium,
1012 1973 1050 2035 ab
1074 1971 1131 2042 illis
1149 1992 1183 2035 se
1203 1993 1306 2045 remae

259 2076 351 2147 visse.
370 2075 423 2139 Me
445 2076 566 2159 quidem
587 2076 696 2140 mirum
718 2076 748 2139 in
762 2077 887 2142 modum
898 2078 999 2164 juvat,
1026 2085 1096 2143 ante
1113 2077 1216 2143 oculos
1231 2078 1306 2149 mibi

258 2202 425 2266 proponere
437 2184 662 2266 magnanimum
678 2182 762 2246 illum
776 2184 1001 2255 adolescentem
1016 2185 1095 2249 inter
1116 2185 1246 2269 piratas
1267 2208 1306 2262 na

259 2289 356 2361 dicam
369 2287 460 2364 feras,
484 2289 628 2372 aquibus
650 2298 758 2373 captus
774 2297 851 2363 erat,
878 2299 1024 2374 tanquam
1038 2291 1069 2362 in
1091 2293 1161 2355 ludo
1175 2313 1303 2360 versan-

258 2402 333 2481 tem,
353 2406 385 2460 et
399 2396 585 2463 orationibus
596 2397 717 2482 scriptis
732 2397 917 2466 audientiam
935 2399 991 2462 sibi
1005 2398 1104 2463 facere
1121 2399 1195 2464 istos
1212 2399 1306 2464 latro·

257 2525 310 2575 nes
323 2506 500 2592 jubentem,
516 2505 703 2588 rusticosque
728 2505 820 2569 etiam
836 2527 871 2573 ac
885 2507 1028 2570 barbaros
1042 2516 1202 2572 vocantem
1220 2509 1305 2592 qupd

257 2610 322 2693 ejus
334 2610 709 2692 eloquentiaedulcedinem
727 2611 830 2676 hebeti
843 2611 962 2696 ingenio
977 2635 1036 2676 non
1047 2615 1237 2697 perciperent
1247 2613 1305 2701 (4)..

301 2717 399 2795 Quem
416 2717 507 2801 igitur
522 2717 611 2783 video
625 2716 673 2780 his
686 2718 717 2781 in
732 2718 1009 2802 angustiisomnem
1021 2742 1124 2785 curam
1137 2721 1167 2787 in
1183 2721 1303 2795 litteras

255 2821 471 2908 conferentem,
490 2826 528 2888 ab
544 2824 594 2887 illo
606 2846 725 2893 omnem
740 2826 899 2911 pueritiam
917 2837 948 2899 et
963 2828 1197 2892 adolescentiam
1215 2828 1304 2907 incu-

255 2930 378 3008 riosam,
405 2932 545 3008 otiosam,
576 2933 717 3008 inertem,
744 2942 846 3000 actam
872 2956 940 2999 esse
968 2936 1112 3020 credaml
1135 2937 1178 3001 Et
1207 2957 1303 3019 quum

253 3039 375 3106 videam
390 3061 496 3105 omnes
522 3040 678 3111 Romanos
702 3040 929 3119 adolescentes,
955 3043 1008 3127 qui
1025 3045 1064 3108 ad
1084 3044 1301 3128 rempublicam

253 3149 469 3232 capessendam
494 3148 733 3232 accingerentur,
757 3156 854 3212 artem
888 3149 1008 3217 dicendi
1028 3158 1173 3234 tanquam
1198 3172 1303 3229 arcent,

253 3253 435 3316 tutissimam
457 3254 545 3317 simul
560 3264 653 3338 atque
673 3253 909 3335 infensissimum
932 3259 1025 3322 telum
1042 3258 1123 3322 omni
1145 3280 1202 3342 ope
1219 3279 1302 3343 quaa,

252 3359 370 3444 sivisse,
383 3359 533 3424 Caesarem
544 3362 666 3426 credam
677 3368 739 3428 tam
754 3363 828 3437 acri,
847 3369 911 3426 tam
925 3361 1041 3428 fervido
1055 3365 1175 3448 ingenio
1189 3364 1300 3448 praedi-

252 3475 330 3551 tum,
346 3474 470 3556 atquea
485 3468 586 3552 pueris
599 3490 752 3533 summum
771 3468 931 3554 imperium
942 3491 996 3554 spe
1012 3472 1218 3555 etcupiditate
1227 3495 1303 3556 prae·

251 3581 431 3649 sumentem,
449 3575 532 3638 avia
546 3596 613 3658 quae
629 3575 821 3659 potissimum
836 3577 875 3639 ad
899 3575 1088 3661 propositum
1103 3578 1196 3643 ferret
1210 3600 1301 3645 aver-

250 3687 350 3771 satum
366 3681 448 3744 esset
467 3682 530 3746 lmo
548 3682 661 3748 nullam
677 3683 800 3749 omnino
816 3683 913 3760 viam,
932 3706 999 3769 quae
1015 3688 1104 3758 modo
1119 3688 1157 3751 ad
1171 3687 1300 3771 gloriam

250 3796 282 3851 et
293 3794 494 3876 postestatem
514 3791 624 3855 ducere
645 3791 811 3875 videretur,
841 3814 902 3855 non
922 3800 1072 3857 tentatam
1087 3796 1125 3858 ab
1152 3815 1187 3863 en
1203 3782 1298 3859 fuiss'e

249 3893 442 3960 manifestum
457 3904 514 3960 est.
542 3897 691 3975 Quamvis
707 3899 788 3962 enim
803 3901 885 3982 apud
899 3900 1055 3965 Romanos
1078 3901 1176 3965 minus
1190 3902 1297 3967 existi-

176 4222 179 4229 ,
282 4167 316 4233 (l)
333 4163 383 4220 Cio.
398 4171 465 4219 Brut.
480 4169 516 4219 72.

281 4258 313 4324 (Ξ)
332 4258 383 4312 Cio.
395 4262 432 4310 De
443 4274 513 4329 prov,
527 4273 593 4310 cous.
604 4260 640 4317 tr,
656 4258 720 4312 Plut.
731 4261 791 4315 Cas.
803 4261 826 4311 3.

281 4347 315 4413 (t)
331 4339 396 4404 ¹ilar.
411 4347 525 4402 Parulltla
537 4348 567 4402 de
582 4346 635 4404 Cis.
651 4348 780 4406 atd’rtlex.
795 4353 818 4407 t.
829 4349 905 4422 -(l)
917 4349 979 4407 elur.
992 4353 1052 4409 ces.
1067 4353 1089 4410 Β.
1125 4393 1127 4396 <
