2730 4966
584 335 694 397 --45
716 372 761 382 ,.

151 481 276 557 paratus
297 472 399 556 fuerit,
425 473 505 536 ultro
520 472 611 536 *idem
635 473 696 549 ille,
718 474 789 536 dum
814 481 962 555 quaereret
983 494 1126 556 quorsum
1145 475 1197 538 illa
1265 450 1268 458 ¹

151 576 248 646 oratio
263 587 344 644 esset
363 600 502 656 evasura,
517 580 542 645 oi
559 581 693 664 praebere
705 600 793 644 aures
804 586 836 643 et
850 587 915 644 toto
927 578 1028 642 auimo
1041 582 1197 645 attendere

151 679 392 752 coactu'sluerit.

198 795 349 878 Equidem
371 793 446 856 mihi
463 782 534 858 ante
553 795 655 858 oculos
669 794 821 858 Caesarem
837 795 936 877 fingo,
952 793 984 856 in
997 795 1053 857 hac
1066 794 1199 876 procella

152 901 268 965 lentum
283 910 315 965 et
330 901 508 974 immotum,
526 900 640 963 nullum
658 901 780 984 quidem
792 894 951 975 timorem,
966 899 1079 963 nullam
1097 921 1199 964 curam

153 1028 260 1071 serena
271 1007 369 1072 fronte
381 1006 610 1090 praeferentem,
628 1008 681 1069 sed
697 1006 823 1070 intentis
834 1015 936 1069 tamen
954 1007 1047 1089 oculis
1063 1007 1200 1071 auribus-

155 1134 227 1197 que,
239 1136 345 1178 omues
354 1113 525 1178 animorum
537 1121 638 1177 motus
649 1121 837 1197 captantem.
852 1115 935 1198 Ergo
950 1135 1024 1177 voce
1039 1114 1159 1195 placida
1170 1122 1201 1179 et

155 1221 239 1306 gravi
253 1221 296 1286 sio
307 1221 413 1304 incipit
428 1244 435 1284 :
458 1249 471 1274 ιι
486 1220 602 1284 Omnes
622 1220 771 1296 homines,
790 1226 894 1303 patres
908 1220 1080 1302 conscripti,
1096 1221 1148 1303 qui
1162 1221 1201 1283 de

160 1360 173 1382 u
195 1331 284 1392 rebus
307 1330 405 1392 dubiis
426 1329 607 1402 consultant,
631 1330 669 1391 ab
691 1328 816 1391 odio...
835 1360 847 1381 ιν
868 1329 979 1391 Nonne
1000 1329 1062 1391 odii
1080 1324 1220 1392 tantum'

156 1437 308 1500 mentione
330 1435 412 1500 facta
430 1434 585 1499 fremitum
606 1435 771 1518 quemdam
788 1435 1010 1518 indignantium
1027 1435 1124 1498 audiri
1145 1456 1201 1517 po-

157 1544 251 1609 tuisse
278 1542 425 1608 censetisl
450 1543 534 1628 Ergo
557 1541 663 1605 statim
683 1542 765 1604 addit
793 1570 805 1593 u
827 1538 973 1624 amicitia,
1000 1573 1012 1596 n
1039 1547 1203 1625 tacentque

157 1671 263 1713 omues
277 1647 427 1732 suspensi.
443 1647 519 1711 Mox
534 1648 645 1711 iterum
657 1648 763 1710 eodem
777 1648 880 1723 modo,
897 1647 1143 1730 quosnominata
1157 1647 1203 1712 ira

157 1757 236 1820 laesit
259 1777 294 1820 ac
317 1755 498 1833 stimulavit,
514 1756 553 1817 iis
575 1753 714 1837 subjecta
733 1754 875 1818 continuo
892 1755 1096 1820 misericordia
1116 1756 1204 1838 quasi

158 1865 305 1929 medetur.
319 1864 427 1946 Neque
439 1863 469 1926 id
484 1861 596 1926 semel:
608 1857 662 1924 sed
674 1861 766 1924 vicies
782 1860 814 1924 in
827 1861 883 1925 hac
895 1862 1029 1926 oratione
1041 1864 1205 1927 reclaman-

158 1972 239 2034 tibus
255 1972 319 2056 jam
344 1969 473 2033 inimicis
499 1978 553 2032 aut
576 1968 705 2032 occurrit
727 1975 780 2031 aut
797 1969 971 2051 respondet,
989 1969 1205 2052 silentiumque

157 2077 302 2159 imperat.
316 2076 383 2139 Vix
396 2076 491 2138 ullum
515 2074 616 2138 emisit
633 2075 761 2137 verbum
782 2074 865 2157 quod
885 2074 1017 2158 aliquem
1033 2073 1201 2154 offenderit,

159 2204 253 2267 quum
274 2183 355 2246 aliud
371 2181 476 2272 statim
492 2181 536 2245 ad,
552 2180 742 2244 mulcendum
761 2180 871 2245 vulnus
893 2180 1007 2268 adjicit.
1022 2182 1088 2245 Imo
1110 2181 1204 2246 offen-

159 2288 319 2352 sionesvel
342 2287 493 2370 minimas,
513 2308 606 2370 quam
621 2287 795 2352 cautissime
813 2294 926 2371 potest,
947 2289 1047 2352 vitat:
1066 2289 1204 2353 omnibus

160 2395 347 2459 audientium
364 2393 581 2478 cupiditatibus
595 2402 688 2475 atque
707 2393 865 2456 affectibus
880 2414 1000 2456 summa
1014 2395 1206 2458 observantia

160 2482 274 2566 morem
285 2504 364 2586 gerit
373 2523 408 2566 ac
420 2500 582 2564 blanditur.
598 2500 698 2562 Iratos
709 2520 743 2562 se
753 2506 784 2562 et
794 2499 931 2562 incensos
943 2501 1099 2582 praebeant
1109 2499 1181 2564 licet
1196 2525 1202 2562 :

159 2609 314 2691 graviores
331 2608 424 2673 etiam
439 2607 470 2669 in
482 2606 544 2669 iras
555 2604 658 2670 Caesar
672 2596 957 2670 exardescetsReos
969 2627 1029 2669 non
1041 2607 1132 2670 modo
1146 2628 1206 2670 uon

160 2715 372 2789 defendisset
388 2715 480 2779 etiam
493 2734 604 2796 magna
618 2733 692 2776 voce
703 2713 848 2795 praedicat
866 2743 878 2767 u
894 2714 1131 2797 magnitudinem
1143 2735 1208 2778 sce-

134 2844 141 2857 ·
164 2851 178 2874 u
192 2821 263 2886 letis
280 2820 413 2885 omnium
431 2819 552 2903 ingenia
566 2836 765 2902 exsuperare;
784 2840 888 2882 omnes
907 2820 1057 2883 cruciatus
1076 2819 1207 2883 minores

166 2950 283 3012 uquam
304 2928 438 2993 facinora
461 2927 580 2989 illorum
602 2925 687 2998 esse;
702 2924 774 2987 nihil
788 2923 820 2987 in
837 2925 914 2989 tales
931 2925 1069 2990 homiues
1086 2926 1207 2990 crudele

166 3036 257 3098 ufieri
274 3056 373 3118 posse.
388 3067 401 3091 n
417 3032 500 3111 Quid
516 3032 608 3117 igitur
623 3031 772 3095 incolume
786 3053 822 3096 ac
831 3033 949 3096 salvum
961 3017 1060 3116 cupitl
1074 3035 1210 3099 Senatus

162 3141 349 3224 aequitatem,
363 3139 556 3225 dignitatem,
566 3137 692 3211 lamam,
704 3137 788 3220 leges
799 3146 830 3200 et
842 3158 941 3200 mores
953 3137 1114 3221 majorum.
1126 3139 1208 3217 Quid

162 3246 316 3310 sceleratis
331 3227 503 3310 hominibus
517 3244 614 3328 possit
638 3244 771 3308 accidere
786 3265 858 3308 num
873 3245 979 3309 curatl
997 3244 1070 3310 Una
1090 3247 1118 3310 ei
1137 3267 1207 3310 cura

162 3360 219 3428 est,
237 3374 276 3416 ne
294 3360 398 3435 patres
421 3353 595 3435 exemplum
617 3371 729 3414 novum
755 3350 894 3430 afferant,
913 3353 995 3433 quod
1009 3354 1040 3415 in
1059 3373 1111 3415 eos
1125 3353 1209 3436 ipsos

163 3466 294 3542 tempus,
314 3460 390 3533 dies,
408 3458 541 3534 fortuna,
556 3457 686 3521 fortunae
696 3456 789 3519 libido
806 3462 899 3538 queat
910 3463 1042 3521 vertere.
1058 3457 1141 3541 Ergo
1157 3458 1209 3542 qui
1276 3478 1277 3481 ’

162 3566 313 3630 latronum
328 3567 441 3631 socium
456 3573 488 3629 et
498 3572 661 3648 patronum
673 3564 905 3647 exspectabant,
918 3564 1130 3648 magistratum
1144 3587 1210 3651 gra-

163 3695 232 3737 vem
249 3673 354 3737 vident
369 3694 424 3759 pro
440 3671 558 3756 legibus
573 3678 725 3744 stantem;
740 3671 791 3752 qui
805 3670 1026 3751 adversarium,
1040 3672 1207 3749 inimicum,

164 3779 282 3844 hostem
295 3779 357 3844 fere
367 3779 398 3842 in
410 3800 444 3843 se
456 3786 618 3843 exeuntem
635 3778 883 3853 exsecrabantur,
896 3777 1026 3841 amicum
1038 3778 1105 3862 jam
1117 3781 1210 3844 fidum

165 3895 196 3951 et
210 3886 379 3970 sapientem
398 3893 534 3970 stupent,
553 3885 610 3948 sibi
634 3904 670 3948 ac
684 3883 775 3967 saluti
791 3903 857 3948 suae.
865 3882 1023 3948 timentem
1036 3884 1095 3971 (l).
1110 3888 1210 3965 Quam

201 4153 233 4223 (l)
250 4154 347 4222 Optime
361 4153 432 4219 igitur
450 4152 559 4204 sidonius
576 4153 600 4201 in
618 4151 694 4218 Epist.
711 4153 726 4204 l.
744 4156 764 4213 l,
780 4157 811 4204 a:
828 4174 840 4198 a
861 4157 915 4202 Rex
927 4151 1090 4205 Theudoricus
1101 4155 1171 4206 sentit
1187 4165 1213 4207 ut

166 4246 322 4312 Pythagoras,
334 4243 418 4294 dividit
429 4251 455 4292 ut
468 4246 592 4308 Socrates,
607 4241 708 4308 explicat
725 4252 751 4292 ut
764 4244 849 4304 Pluto,
862 4242 968 4310 implicat
978 4252 1004 4295 ut
1016 4243 1152 4296 Aristotcles
1161 4282 1169 4309 ,

166 4337 262 4386 simulat
273 4343 299 4385 ut
309 4337 414 4394 Crassus,
424 4331 553 4382 dissimulat
564 4343 588 4380 ut
604 4334 689 4382 Caesar.
699 4351 714 4377 a
