2730 4966
613 340 764 402 ,4.-

170 488 250 547 teste
270 482 427 559 Suetonio,
444 483 568 565 scripta,
587 482 787 546 clamantem:
805 513 817 536 «
833 483 935 561 Quint
954 491 1111 546 oratorum
1128 504 1216 566 quern

170 589 239 654 huic
252 598 418 673 antepones
433 610 535 652 eorum
552 589 602 673 qui
624 589 696 652 nihil
709 589 791 653 alind
806 600 933 674 egerunt
945 588 1012 676 (l)l
1031 623 1043 644 ν·
1060 591 1138 668 Quae
1151 611 1217 655 cum

170 697 326 771 scriberet,
351 696 407 759 ctsi
429 698 492 760 fieri
509 696 644 779 putuisse
663 696 804 760 existimo
820 704 855 760 ut
870 697 934 780 ipse
950 697 1004 759 sibi
1019 697 1219 782 interroganti

153 816 349 887 'responsum
365 803 493 877 dederit,
511 813 542 867 et
558 804 721 888 quemdam
737 805 851 888 optime
863 805 982 867 noverit
997 804 1218 887 oratorem-qni

171 910 284 976 Caesari
301 919 331 972 et
347 919 428 974 esset
445 911 673 994 anteponendus
692 921 722 974 et
744 914 781 973 ab
801 911 867 994 ipso
882 919 1131 994 anteponeretur,
1148 912 1218 974 inde

171 1026 252 1081 certe
270 1016 366 1100 colligi
382 1025 483 1100 potest
494 1017 623 1080 Julianae
636 1016 782 1080 facundiae
795 1017 846 1079 illa
858 1026 948 1080 relate
964 1017 1030 1100 ipsa
1043 1017 1219 1099 opinionem

172 1124 264 1187 luisse
275 1124 471 1208 singularem.
484 1124 554 1187 Non
566 1146 688 1207 possum
703 1134 803 1188 tamen
818 1125 889 1208 quin
903 1125 1030 1207 rideam,
1045 1124 1069 1186 si
1080 1123 1150 1207 quis
1161 1124 1222 1186 ani-

173 1252 291 1295 mosum
302 1230 384 1293 illum
399 1232 517 1305 duceni,
531 1232 572 1293 nil
583 1241 684 1295 actum
696 1243 886 1314 reputantem
899 1232 971 1296 dutn
981 1232 1053 1315 qnid
1065 1232 1221 1316 agendum

172 1346 357 1422 superesset,
373 1337 424 1420 qui
441 1337 569 1420 denique
583 1347 678 1400 totum
693 1339 796 1400 orbem
809 1337 977 1422 ingentium
995 1359 1095 1401 rerum
1109 1359 1219 1400 monu-

172 1446 283 1525 mentis
299 1445 473 1529 complevit,
493 1468 559 1509 cum
579 1446 645 1509 istis
665 1446 833 1509 rhetoribus
854 1445 989 1509 conterre
1011 1445 1095 1518 relit,
1117 1444 1222 1528 lingua

172 1575 232 1617 non
247 1553 348 1638 gladio
363 1551 501 1632 armatis
518 1553 573 1636 qni⁴
584 1553 700 1616 nullum
715 1575 849 1638 unquam
862 1553 920 1616 nisi
931 1553 960 1614 in
977 1553 1113 1638 syllabas
1125 1551 1222 1636 impe·

173 1659 499 1724 rinmhabnerunt.Ad
509 1659 892 1742 agendnmilleapueritia,
903 1682 961 1723 non
971 1661 1010 1722 ad
1020 1659 1222 1742 loquendum,

174 1789 207 1832 se
220 1767 366 1839 accinxit;
386 1775 417 1830 et
432 1776 575 1830 cruentas
592 1767 622 1829 in
639 1767 752 1831 soleae
767 1766 979 1850 pulverenum
994 1768 1175 1832 umbratiles
1192 1777 1223 1832 et

86 1959 88 1962 Ι
174 1874 542 1957 innocuasintertogatoS,
554 1872 696 1946 victorias
704 1871 781 1934 ferre
789 1872 905 1935 didicit.
917 1873 1071 1956 Quidquid
1079 1873 1224 1956 eloquen-

173 1981 383 2064 tiaehabnit,a
402 1983 511 2044 natura
526 1990 556 2043 et
569 2001 636 2056 usu,
654 2001 711 2042 non
728 1979 864 2043 aschalis
881 1980 1001 2043 duxerit
1017 2001 1143 2044 necesse
1160 1990 1219 2046 est.

173 2089 309 2152 Habebit
318 2089 410 2171 igitur
421 2087 566 2170 quidquid
580 2109 617 2150 ex
630 2087 722 2150 animi
735 2087 763 2149 vi
778 2097 830 2151 aut
840 2087 952 2173 ingenii
965 2085 1113 2163 acumine,
1129 2088 1223 2171 qnid·

173 2195 245 2276 qnid
259 2204 298 2256 ex
310 2194 463 2256 hominum
476 2203 506 2256 et
518 2215 617 2256 rernm
634 2193 759 2256 scientia
771 2194 983 2276 proficiscitur;
999 2194 1147 2278 quidquid
1164 2217 1222 2259 au-

173 2312 234 2368 tem
247 2308 313 2364 arte
326 2311 355 2363 et
371 2300 471 2364 studio
485 2308 516 2364 et
532 2301 653 2363 assidua
666 2299 863 2363 meditatione
878 2311 1081 2384 comparatur,
1098 2303 1223 2367 omnino

173 2430 231 2473 non
258 2407 393 2472 habebit.

217 2516 423 2600 —Equidem
439 2536 582 2598 agnosco,
597 2514 695 2598 inquit
710 2513 859 2590 Valerius,
875 2513 1086 2598 philosophum
1100 2517 1224 2581 tristem

173 2645 209 2686 ac
232 2632 357 2689 trucem.
377 2629 483 2703 atque,
507 2629 540 2683 nt
559 2621 680 2704 proprio
697 2628 765 2684 utar
783 2624 886 2697 rerb0,
906 2627 1099 2707 μισάνθρωπον,
1119 2625 1224 2690 omnia

171 2730 266 2793 libero
277 2726 406 2790 hominis
417 2726 541 2790 arbitrio
552 2736 582 2791 et
592 2728 722 2811 propriae
734 2728 763 2790 vi
776 2729 996 2805 detrahentem,
1011 2733 1092 2813 quod
1104 2743 1224 2798 naturae

173 2846 226 2901 ant
247 2835 348 2898 nescio
369 2835 415 2898 cui
435 2833 499 2898 fato
518 2835 677 2920 largiatur.
696 2835 775 2898 Mihi
795 2844 910 2920 autem,
924 2858 1022 2921 neque
1045 2836 1137 2903 fiores
1156 2840 1224 2906 sine

174 2944 288 3008 semine
316 2942 400 3006 nasci
425 2941 576 3015 videntur,
600 2963 699 3025 neque
726 2943 847 3028 ingenia
870 2950 974 3028 spreta
998 2947 1078 3008 omni
1103 2947 1225 3013 cultura

175 3049 377 3125 efflorescere,
392 3070 492 3133 neque
504 3049 673 3133 praesertim
684 3050 888 3131 nullolabore,
899 3051 989 3115 nullis
1004 3053 1125 3136 viginis,
1140 3076 1224 3123 corn·

173 3159 275 3244 parari
293 3157 346 3220 illa
368 3157 547 3238 eloquentiae
565 3156 696 3242 fulgura,
713 3158 765 3221 illu
780 3159 924 3234 tonitrua,
942 3159 1051 3243 quihus
1067 3162 1223 3247 Graeciam

173 3265 376 3351 permiscebat
397 3263 539 3326 Pericles
565 3262 777 3327 Concedarnus
799 3287 872 3329 sane
896 3266 1048 3330 exstitisse
1071 3271 1223 3350 quosdam

172 3376 264 3438 duces
279 3373 329 3456 qni
351 3371 466 3434 militiae
484 3370 640 3434 scientiam
664 3371 839 3461 dormiendo
860 3373 1029 3436 didicerint.
1053 3376 1116 3437 Res
1140 3377 1224 3441 enim

173 3481 296 3545 bellicas
313 3500 372 3542 non
389 3477 476 3538 nnius
486 3477 543 3538 viri
558 3477 654 3540 virtus
670 3480 801 3562 peragit,
816 3489 868 3543 aut
882 3480 992 3544 inertia
1008 3483 1119 3564 perdit.
1133 3484 1223 3561 Quo·

173 3589 232 3651 ties
252 3583 444 3669 imperatoris
467 3582 627 3646 stultitiam
648 3593 701 3647 aut
722 3585 874 3667 ignaviam
897 3587 1026 3653 militum
1047 3589 1222 3676 disciplina,

173 3692 330 3772 fortitudo,
354 3689 514 3753 multitudo
536 3688 628 3751 etiam
652 3688 754 3754 laurea
778 3691 924 3756 donavit!
945 3693 1073 3756 Fuerint
1088 3695 1226 3765 Romani

173 3820 325 3862 annorum
336 3797 457 3860 ornnino
470 3796 570 3883 rudes,
586 3796 651 3882 qui,
664 3798 804 3880 deposita
814 3809 897 3884 toga,
912 3800 1000 3862 simul
1012 3822 1080 3862 cnm
1091 3803 1224 3884 paluda-

175 3911 275 3969 mento
291 3903 447 3966 scientiam
464 3897 624 3967 Annibalis
638 3905 811 3970 induerint:
836 3916 869 3970 at
888 3907 939 3989 qni
952 3907 1106 3971 Ciceronis
1117 3909 1224 3975 lacun-

173 4013 253 4076 diam
270 4011 301 4073 in
323 4010 427 4074 rostris
450 4011 586 4092 protinus
600 4010 760 4088 inveniret,
773 4032 862 4076 nemo
879 4013 946 4078 fnit.
966 4015 1087 4098 Nempe
1107 4016 1137 4078 in
1158 4019 1224 4080 elo-

153 4306 163 4319 .,
209 4270 316 4332 (listret.
329 4271 386 4318 Cres.
399 4270 434 4318 55.
450 4266 504 4318 Vid.
526 4276 550 4317 ct
570 4267 631 4319 etot.
650 4269 719 4318 Alex.
730 4278 753 4318 ct
772 4272 830 4321 Cres.
843 4272 871 4328 t;
889 4273 975 4323 hscon.
993 4270 1015 4318 in
1027 4287 1114 4322 conrnt.
1132 4273 1160 4320 ad
1176 4279 1221 4324 ttr.

173 4362 220 4410 Pro
229 4361 266 4409 M.
277 4361 373 4409 Scauro.
