2730 4966
598 393 642 402 ...
663 349 715 418 27¹
733 392 771 404 .-

164 529 177 552 ιι
196 507 290 583 atque
308 499 507 564 omnisltelia
529 507 561 563 et
581 500 710 584 populus
726 501 883 563 Romanus
903 498 1100 584 judicavisset
1113 498 1167 585 (1)ss
1187 528 1201 552 n

162 613 256 678 Vides
271 622 306 678 ut
327 615 378 678 illo
393 615 525 678 consulis
539 616 672 698 nomine,
689 616 771 699 quod
788 621 892 699 lamen
911 615 938 677 ei
954 635 1013 677 non
1035 613 1136 677 Roma
1150 615 1205 677 sed

159 740 244 784 arma
259 722 419 797 dederunt,
437 722 600 807 glorietur;
613 721 835 804 utPompeium
846 720 950 805 populi
962 730 994 784 et
1003 721 1097 784 totius
1109 719 1206 783 Italiae

158 828 268 912 judicio
287 830 464 893 damnatum
479 829 608 903 clamet;
627 837 661 892 ut
681 827 811 910 denique
825 828 933 911 patriae
951 829 1016 914 jam
1033 827 1153 892 hostem
1167 847 1206 890 ex

159 934 252 999 totius
265 935 393 1000 Graeciae
407 935 557 999 sententia
573 955 641 998 eum
660 955 727 998 esse
743 934 908 1018 praedicetl

203 1042 266 1105 Sed
275 1041 381 1106 contra
393 1042 465 1105 nihil
476 1063 608 1125 unquam
619 1043 657 1105 ab
666 1042 725 1105 ullo
736 1041 859 1104 homine
872 1041 986 1106 dictum
995 1040 1089 1105 fuisse
1099 1041 1207 1105 credas

158 1151 238 1232 quod
265 1149 418 1214 Caesarem
432 1157 537 1234 posset
557 1150 665 1212 laedere
689 1172 696 1212 ε
726 1158 812 1214 tanta
834 1149 899 1213 haec
924 1149 1026 1212 omnia
1050 1147 1208 1232 diligentia

158 1258 269 1321 oblitus
281 1265 343 1333 est;
360 1258 433 1321 nihil
446 1259 539 1321 etiam
550 1257 649 1342 ipsum
661 1278 794 1341 uuquam
806 1256 942 1347 locutum
956 1277 1034 1334 esse,
1048 1256 1130 1339 quod
1139 1276 1199 1318 non

158 1386 196 1428 ex
211 1365 308 1448 ipsius
317 1367 443 1451 justitiae
455 1387 506 1429 ore
521 1363 690 1449 profectum
702 1364 870 1428 videretur.
885 1364 943 1429 cui
959 1373 1062 1428 tamen
1076 1383 1205 1448 persua-

158 1473 221 1534 deri
237 1474 349 1556 possit,
368 1474 525 1536 Romanos
546 1471 658 1535 milites
677 1469 790 1534 infesta
812 1471 899 1555 signa
917 1471 1025 1533 Romae
1046 1470 1202 1548 intulisse,

157 1581 302 1662 aequitate
315 1588 435 1644 tautum
448 1581 490 1644 rei
503 1577 678 1664 perspectal
691 1577 841 1642 Romanis
856 1578 1014 1660 militibus,
1030 1584 1064 1639 ut
1078 1576 1110 1639 id
1123 1575 1178 1639 nel
1194 1609 1206 1623 ·

157 1687 235 1749 rium
250 1687 350 1751 scelus
366 1688 528 1761 auderent,
545 1686 657 1750 nullam
673 1686 762 1749 aliam
784 1706 871 1769 spem
888 1685 1077 1769 propositam
1097 1681 1202 1760 fuisse,

156 1794 227 1876 nisi,
239 1804 274 1857 ut
284 1795 350 1877 ipse
363 1793 433 1870 fert,
449 1794 611 1859 tribunitiae
622 1794 771 1877 potestati
782 1793 908 1857 allatam
920 1793 982 1856 virn
994 1798 1026 1856 et
1034 1797 1175 1875 acceptas
1187 1811 1206 1853 a

157 1900 277 1965 Caesare
292 1901 416 1987 injurias
436 1901 615 1966 ulcisccnrlil
637 1900 715 1965 Cum
733 1899 827 1984 igitur
850 1900 914 1964 haeo
938 1905 1059 1964 tantum
1081 1899 1125 1962 eis
1140 1919 1159 1961 a
1173 1917 1206 1960 se

157 2005 249 2071 fuisse
268 2015 507 2072 commemorata
521 2015 643 2084 narrat,
667 2028 767 2071 nonne
781 2006 1030 2072 dissimulationis
1045 2027 1113 2069 eum
1132 2005 1206 2068 insi*

156 2114 253 2178 mulut
264 2116 402 2198 resipsul
416 2116 526 2199 Neque
537 2115 568 2178 id
579 2117 751 2201 conjectura
761 2120 881 2178 tantum
892 2112 971 2176 inani
984 2113 1055 2176 licet
1066 2111 1202 2195 assequi;

157 2228 268 2284 testem
280 2222 319 2308 (2)
332 2223 510 2287 Suetonium
523 2223 617 2306 citare
627 2226 764 2306 possum.
779 2221 859 2301 Quis
874 2221 955 2289 enirn
970 2222 1051 2305 apud
1064 2241 1132 2284 eum
1145 2240 1206 2283 non

157 2328 1202 2413 legitCaesaremaffirmasse,adconcilundosalliciendosquenrilites,

156 2455 202 2518 se,
216 2437 508 2500 adsatisfeciendum
520 2437 657 2500 omnibus
669 2457 721 2520 per
731 2455 808 2518 quos
820 2435 1000 2519 dignitatem
1011 2455 1097 2498 suam
1106 2433 1207 2499 defen·
1297 2420 1301 2429 ¹

156 2564 244 2607 surus
260 2552 359 2618 esset,
377 2544 521 2606 annulum
541 2564 662 2627 quoque
680 2563 767 2626 aequo
782 2542 884 2605 animo
900 2542 1104 2605 detracturum
1126 2540 1202 2616 sibi;

157 2672 311 2733 quumque
325 2650 444 2715 utillud
459 2651 569 2714 clarius
584 2651 782 2735 significaret,
798 2649 910 2736 saepius
926 2655 1109 2712 ostentasset
1125 2647 1206 2732 digi-

156 2765 221 2820 tum
230 2757 315 2820 laevae
326 2780 445 2835 manus,
461 2765 628 2822 extreruum
640 2757 826 2832 concionem,
839 2758 887 2821 cui
900 2755 1015 2820 lucilius
1027 2763 1093 2819 erat
1102 2755 1206 2820 videre

156 2865 384 2929 concionantem
395 2887 486 2950 quarn
498 2867 613 2942 audire,
626 2865 752 2952 singulis
765 2865 911 2929 militibus
923 2863 1102 2928 annulorum
1110 2862 1162 2946 jus
1174 2871 1205 2927 et

155 2981 311 3055 equestres
334 2995 442 3037 census
469 2975 509 3037 ab
529 2995 565 3038 eo
584 2974 720 3057 promitti
743 2973 968 3036 existimavisse
992 2969 1052 3057 (ΒΜ
1070 2970 1205 3036 Justitiae

110 3134 112 3136 ,
138 3078 245 3163 igitur
264 3069 503 3163 pulchritudine,
532 3080 612 3144 lrand
634 3079 732 3163 magis
758 3099 851 3162 quam
874 3077 1068 3162 praemiorum
1090 3084 1121 3142 et
1140 3077 1205 3141 auri

191 3302 222 3374 (l)
242 3306 303 3355 Caes.
317 3304 347 3353 dc
357 3305 415 3357 Bell.
430 3305 480 3355 Cir.
495 3310 517 3369 3,
529 3308 563 3355 tt.

189 3398 219 3460 (ἱ)
238 3395 314 3444 Testis
326 3404 359 3444 est
372 3396 441 3445 etiam
454 3395 548 3460 grauior
560 3394 637 3446 Pollio
653 3394 761 3461 Asinius,
777 3393 818 3460 qui
829 3401 910 3442 narrat
922 3395 1039 3445 cesarem
1050 3393 1166 3460 pleraque
1181 3401 1205 3444 et

154 3501 207 3550 qua
220 3501 263 3551 per
277 3484 334 3534 alios
344 3493 411 3534 erant
423 3491 495 3549 gesta,
517 3493 606 3534 temere
617 3483 759 3543 credidissc;
773 3491 797 3531 et
809 3497 861 3547 quae
873 3497 918 3549 per
930 3498 963 3543 se,
978 3479 1020 3529 vel
1030 3479 1152 3544 consulto,
1167 3482 1214 3532 vel*

153 3576 222 3623 etiam
235 3575 349 3623 memoria
364 3576 471 3640 lapsum,
484 3573 728 3640 perperam'edidissc.
746 3575 812 3624 Suet.
823 3574 884 3625 Ces.
896 3575 932 3622 56.
953 3575 1021 3633 lmo,
1032 3571 1084 3638 ipse
1095 3570 1167 3621 etiam
1179 3587 1205 3622 se

153 3672 191 3712 aut
204 3664 290 3712 erroris
304 3664 408 3728 coarguit
421 3673 460 3712 erut
470 3663 596 3714 mendacii.
605 3663 702 3716 Conler.
715 3663 940 3713 commentariorum
950 3661 980 3710 de
990 3661 1050 3711 Bell.
1064 3661 1109 3712 cir.
1122 3661 1166 3712 lib.
1178 3665 1202 3728 l,

152 3768 174 3804 c.
191 3754 277 3814 tl-lt'»,
293 3768 347 3802 cum
360 3753 513 3818 epistolarum
528 3753 556 3801 ad
572 3759 621 3805 su.
636 3753 677 3803 lib.
689 3756 712 3819 9,
732 3751 802 3818 epist.
821 3755 854 3801 13.
868 3748 906 3802 Ibi
920 3751 984 3801 enim
1004 3750 1028 3801 id
1047 3751 1096 3816 ugit
1115 3759 1141 3800 ut
1153 3751 1204 3818 ipse

152 3842 232 3890 omnia
247 3842 276 3890 de
292 3858 351 3908 pace
368 3841 491 3891 tentavisse
505 3843 622 3912 rideatur,
632 3851 655 3891 et
668 3857 698 3891 ne
707 3856 845 3908 responsum
860 3839 956 3908 quidem
967 3856 981 3890 a
992 3839 1106 3907 Pompeio
1116 3841 1202 3891 elicere
1245 3894 1246 3898 ,

152 3931 265 3996 potuisse.
275 3932 321 3980 Hic
332 3941 412 3982 autern
427 3934 456 3982 ad
469 3933 581 3998 amicum,
594 3932 735 3985 Cornelium
753 3933 861 3999 Oppium
876 3931 956 3982 scribit
968 3948 976 3994 ς
998 3931 1095 3980 missum
1108 3948 1121 3982 a
1135 3948 1160 3981 se
1171 3931 1202 3982 ds

152 4037 209 4087 pace
222 4037 235 4070 a
247 4023 360 4088 Pompeio
371 4025 415 4075 Cu.
428 4025 542 4090 Magium,
553 4033 576 4072 et
588 4040 613 4073 se
625 4040 678 4090 quae
690 4023 794 4072 visasint
804 4021 962 4089 respondisse.
976 4025 1033 4072 Non
1048 4021 1118 4071 modo
1131 4021 1204 4087 igitur

151 4127 263 4177 responsu
278 4112 350 4161 dabat
368 4113 397 4161 de
415 4129 474 4179 pace
492 4114 636 4182 Pompeius,
650 4112 773 4163 sedetiam
787 4112 850 4162 ultro
869 4113 920 4180 ipse
939 4110 969 4161 ad
983 4113 1117 4172 Caesarem,
1134 4127 1204 4161 suurn

151 4199 261 4251 mittebat
273 4182 425 4267 praelectum,
437 4216 510 4269 quem
519 4203 561 4252 illc
572 4202 658 4253 deiude
669 4201 844 4271 deprehensum
856 4217 887 4252 ex
898 4200 986 4252 itincre
997 4209 1069 4268 atque
1080 4200 1110 4271 ad
1119 4215 1145 4250 sc
1157 4215 1202 4252 re-

152 4289 250 4340 ductum
261 4305 312 4343 esse
323 4291 350 4341 iu
359 4291 535 4344 commentariis
546 4291 660 4361 fingebat.

188 4379 220 4450 (3)
239 4383 305 4432 Suet.
319 4384 378 4435 Caes.
392 4384 428 4437 33.
